<?xml version="1.0" encoding="UTF-8"?>
<!DOCTYPE html PUBLIC "-//W3C//DTD XHTML 1.0 Transitional//EN"
    "http://www.w3.org/TR/xhtml1/DTD/xhtml1-transitional.dtd">
<html xmlns="http://www.w3.org/1999/xhtml" xml:lang="en" lang="en">
 <head>
  <title>
</title>
<meta http-equiv="Content-Type" content="text/html;charset=utf-8" />
  <meta name='ocr-system' content='tesseract 3.04.00' />
  <meta name='ocr-capabilities' content='ocr_page ocr_carea ocr_par ocr_line ocrx_word'/>
</head>
<body>
  <div class='ocr_page' id='page_1' title='image "./deoriginetermin00schmgoog_0015.png"; bbox 0 0 2834 4514; ppageno 0'>
   <div class='ocr_carea' id='block_1_1' title="bbox 64 165 1370 1420">
    <p class='ocr_par' dir='ltr' id='par_1_1' title="bbox 599 165 889 264">
     <span class='ocr_line' id='line_1_1' title="bbox 599 165 889 264; baseline 0 0"><span class='ocrx_word' id='word_1_1' title='bbox 599 165 809 264; x_wconf 46' lang='lat' dir='ltr'>...am</span> <span class='ocrx_word' id='word_1_2' title='bbox 886 245 889 249; x_wconf 68' lang='grc'>,</span> 
     </span>
    </p>

    <p class='ocr_par' dir='ltr' id='par_1_2' title="bbox 64 370 1370 571">
     <span class='ocr_line' id='line_1_2' title="bbox 64 370 1370 467; baseline 0.003 -27"><span class='ocrx_word' id='word_1_3' title='bbox 64 379 113 467; x_wconf 77' lang='grc'>26</span> <span class='ocrx_word' id='word_1_4' title='bbox 140 372 188 458; x_wconf 73' lang='lat'>¹⁵).</span> <span class='ocrx_word' id='word_1_5' title='bbox 213 375 355 440; x_wconf 88' lang='lat' dir='ltr'>Vidimus</span> <span class='ocrx_word' id='word_1_6' title='bbox 378 374 475 456; x_wconf 81' lang='lat' dir='ltr'>igitur</span> <span class='ocrx_word' id='word_1_7' title='bbox 498 373 580 438; x_wconf 91' lang='lat' dir='ltr'>unde</span> <span class='ocrx_word' id='word_1_8' title='bbox 603 377 746 441; x_wconf 89' lang='lat' dir='ltr'>notiones</span> <span class='ocrx_word' id='word_1_9' title='bbox 770 395 839 456; x_wconf 79' lang='lat' dir='ltr'>ena,</span> <span class='ocrx_word' id='word_1_10' title='bbox 868 395 979 456; x_wconf 89' lang='lat' dir='ltr'>unum,</span> <span class='ocrx_word' id='word_1_11' title='bbox 1009 377 1126 442; x_wconf 92' lang='lat' dir='ltr'>bonum</span> <span class='ocrx_word' id='word_1_12' title='bbox 1148 370 1370 460; x_wconf 73' lang='lat' dir='ltr'>repetendo</span> 
     </span>
     <span class='ocr_line' id='line_1_3' title="bbox 72 466 1335 571; baseline -0.001 -24"><span class='ocrx_word' id='word_1_13' title='bbox 72 483 135 547; x_wconf 94' lang='lat' dir='ltr'>sint</span> <span class='ocrx_word' id='word_1_14' title='bbox 158 487 190 548; x_wconf 95' lang='lat' dir='ltr'>et</span> <span class='ocrx_word' id='word_1_15' title='bbox 212 466 320 547; x_wconf 89' lang='lat' dir='ltr'>verum</span> <span class='ocrx_word' id='word_1_16' title='bbox 344 501 382 547; x_wconf 84' lang='lat' dir='ltr'>ex</span> <span class='ocrx_word' id='word_1_17' title='bbox 405 481 515 567; x_wconf 92' lang='lat' dir='ltr'>eodem</span> <span class='ocrx_word' id='word_1_18' title='bbox 545 480 630 546; x_wconf 88' lang='lat' dir='ltr'>fonte</span> <span class='ocrx_word' id='word_1_19' title='bbox 654 467 809 571; x_wconf 83' lang='lat' dir='ltr'>prodiisse</span> <span class='ocrx_word' id='word_1_20' title='bbox 832 483 914 547; x_wconf 91' lang='lat' dir='ltr'>haud</span> <span class='ocrx_word' id='word_1_21' title='bbox 939 484 1043 548; x_wconf 87' lang='lat' dir='ltr'>audax</span> <span class='ocrx_word' id='word_1_22' title='bbox 1071 486 1198 569; x_wconf 85' lang='lat' dir='ltr'>videtur</span> <span class='ocrx_word' id='word_1_23' title='bbox 1221 487 1335 569; x_wconf 79' lang='lat' dir='ltr'>conjec-</span> 
     </span>
    </p>

    <p class='ocr_par' dir='ltr' id='par_1_3' title="bbox 71 587 1328 672">
     <span class='ocr_line' id='line_1_4' title="bbox 71 587 1328 672; baseline 0 -18"><span class='ocrx_word' id='word_1_24' title='bbox 71 594 153 654; x_wconf 87' lang='lat' dir='ltr'>tura.</span> <span class='ocrx_word' id='word_1_25' title='bbox 198 589 265 654; x_wconf 94' lang='lat' dir='ltr'>Imo</span> <span class='ocrx_word' id='word_1_26' title='bbox 289 588 427 654; x_wconf 81' lang='lat' dir='ltr'>loannes</span> <span class='ocrx_word' id='word_1_27' title='bbox 438 589 531 653; x_wconf 92' lang='lat' dir='ltr'>Picus</span> <span class='ocrx_word' id='word_1_28' title='bbox 552 588 790 654; x_wconf 87' lang='lat' dir='ltr'>Mirandulanus</span> <span class='ocrx_word' id='word_1_29' title='bbox 816 587 854 672; x_wconf 76' lang='grc'>16)</span> <span class='ocrx_word' id='word_1_30' title='bbox 879 591 968 653; x_wconf 93' lang='lat' dir='ltr'>dicit:</span> <span class='ocrx_word' id='word_1_31' title='bbox 1001 589 1209 670; x_wconf 87' lang='lat' dir='ltr'>,Aristoteles</span> <span class='ocrx_word' id='word_1_32' title='bbox 1233 591 1328 657; x_wconf 86' lang='lat' dir='ltr'>multis</span> 
     </span>
    </p>

    <p class='ocr_par' dir='ltr' id='par_1_4' title="bbox 71 695 1335 779">
     <span class='ocr_line' id='line_1_5' title="bbox 71 695 1335 779; baseline 0.002 -19"><span class='ocrx_word' id='word_1_33' title='bbox 71 697 104 760; x_wconf 95' lang='lat' dir='ltr'>in</span> <span class='ocrx_word' id='word_1_34' title='bbox 126 696 202 761; x_wconf 93' lang='lat' dir='ltr'>locis</span> <span class='ocrx_word' id='word_1_35' title='bbox 225 696 417 777; x_wconf 89' lang='lat' dir='ltr'>respondere</span> <span class='ocrx_word' id='word_1_36' title='bbox 440 695 517 760; x_wconf 92' lang='lat' dir='ltr'>haec</span> <span class='ocrx_word' id='word_1_37' title='bbox 540 695 599 760; x_wconf 84' lang='lat' dir='ltr'><strong>sibi</strong></span> <span class='ocrx_word' id='word_1_38' title='bbox 622 697 754 761; x_wconf 89' lang='lat' dir='ltr'>invicem</span> <span class='ocrx_word' id='word_1_39' title='bbox 784 702 816 761; x_wconf 91' lang='lat' dir='ltr'>et</span> <span class='ocrx_word' id='word_1_40' title='bbox 845 697 969 778; x_wconf 90' lang='lat' dir='ltr'>aequali</span> <span class='ocrx_word' id='word_1_41' title='bbox 991 716 1058 762; x_wconf 88' lang='lat' dir='ltr'>esse</span> <span class='ocrx_word' id='word_1_42' title='bbox 1082 698 1217 779; x_wconf 86' lang='lat' dir='ltr'>ambitu,</span> <span class='ocrx_word' id='word_1_43' title='bbox 1248 716 1335 764; x_wconf 90' lang='lat' dir='ltr'>unum</span> 
     </span>
    </p>

    <p class='ocr_par' dir='ltr' id='par_1_5' title="bbox 73 797 1338 888">
     <span class='ocr_line' id='line_1_6' title="bbox 73 797 1338 888; baseline 0.002 -19"><span class='ocrx_word' id='word_1_44' title='bbox 73 805 136 870; x_wconf 91' lang='lat' dir='ltr'>scil.</span> <span class='ocrx_word' id='word_1_45' title='bbox 161 809 268 884; x_wconf 90' lang='lat' dir='ltr'>etens,</span> <span class='ocrx_word' id='word_1_46' title='bbox 291 822 401 868; x_wconf 89' lang='lat' dir='ltr'>verum</span> <span class='ocrx_word' id='word_1_47' title='bbox 413 804 489 867; x_wconf 94' lang='lat' dir='ltr'>item</span> <span class='ocrx_word' id='word_1_48' title='bbox 513 807 545 867; x_wconf 91' lang='lat' dir='ltr'>et</span> <span class='ocrx_word' id='word_1_49' title='bbox 567 803 711 867; x_wconf 87' lang='lat' dir='ltr'>bonum.“</span> <span class='ocrx_word' id='word_1_50' title='bbox 761 803 846 880; x_wconf 84' lang='lat' dir='ltr'>Quos</span> <span class='ocrx_word' id='word_1_51' title='bbox 868 803 954 868; x_wconf 93' lang='lat' dir='ltr'>locos</span> <span class='ocrx_word' id='word_1_52' title='bbox 976 804 1120 885; x_wconf 82' lang='lat' dir='ltr'>equidem</span> <span class='ocrx_word' id='word_1_53' title='bbox 1143 824 1206 870; x_wconf 91' lang='lat' dir='ltr'>non</span> <span class='ocrx_word' id='word_1_54' title='bbox 1230 797 1338 888; x_wconf 75' lang='lat' dir='ltr'>reperi</span> 
     </span>
    </p>

    <p class='ocr_par' dir='ltr' id='par_1_6' title="bbox 72 896 1344 993">
     <span class='ocr_line' id='line_1_7' title="bbox 72 896 1344 993; baseline 0.001 -16"><span class='ocrx_word' id='word_1_55' title='bbox 72 911 157 977; x_wconf 92' lang='lat' dir='ltr'>nullo</span> <span class='ocrx_word' id='word_1_56' title='bbox 182 915 267 976; x_wconf 91' lang='lat' dir='ltr'>certe</span> <span class='ocrx_word' id='word_1_57' title='bbox 290 911 358 974; x_wconf 91' lang='lat' dir='ltr'>loco</span> <span class='ocrx_word' id='word_1_58' title='bbox 384 916 589 975; x_wconf 89' lang='lat' dir='ltr'>occurrerunt</span> <span class='ocrx_word' id='word_1_59' title='bbox 613 915 749 992; x_wconf 90' lang='lat' dir='ltr'>quatuor</span> <span class='ocrx_word' id='word_1_60' title='bbox 772 911 845 975; x_wconf 91' lang='lat' dir='ltr'>illae</span> <span class='ocrx_word' id='word_1_61' title='bbox 868 896 1011 975; x_wconf 86' lang='lat' dir='ltr'>notiones</span> <span class='ocrx_word' id='word_1_62' title='bbox 1035 912 1230 993; x_wconf 87' lang='lat' dir='ltr'>conjunctae.</span> <span class='ocrx_word' id='word_1_63' title='bbox 1284 913 1344 978; x_wconf 86' lang='lat' dir='ltr'>Res</span> 
     </span>
    </p>

    <p class='ocr_par' dir='ltr' id='par_1_7' title="bbox 73 1017 1346 1100">
     <span class='ocr_line' id='line_1_8' title="bbox 73 1017 1346 1100; baseline -0.001 -16"><span class='ocrx_word' id='word_1_64' title='bbox 73 1025 105 1084; x_wconf 94' lang='lat' dir='ltr'>et</span> <span class='ocrx_word' id='word_1_65' title='bbox 129 1018 284 1100; x_wconf 87' lang='lat' dir='ltr'>aliquida</span> <span class='ocrx_word' id='word_1_66' title='bbox 314 1035 374 1100; x_wconf 92' lang='lat' dir='ltr'>quo</span> <span class='ocrx_word' id='word_1_67' title='bbox 398 1018 481 1082; x_wconf 90' lang='lat' dir='ltr'>inter</span> <span class='ocrx_word' id='word_1_68' title='bbox 504 1018 760 1082; x_wconf 89' lang='lat' dir='ltr'>transcendentia</span> <span class='ocrx_word' id='word_1_69' title='bbox 769 1017 873 1099; x_wconf 90' lang='lat' dir='ltr'>posita</span> <span class='ocrx_word' id='word_1_70' title='bbox 897 1018 959 1080; x_wconf 92' lang='lat' dir='ltr'>sint</span> <span class='ocrx_word' id='word_1_71' title='bbox 982 1017 1064 1083; x_wconf 85' lang='lat' dir='ltr'>inira</span> <span class='ocrx_word' id='word_1_72' title='bbox 1088 1018 1240 1098; x_wconf 82' lang='lat' dir='ltr'>elucebit3</span> <span class='ocrx_word' id='word_1_73' title='bbox 1265 1037 1346 1085; x_wconf 89' lang='lat' dir='ltr'>nunc</span> 
     </span>
    </p>

    <p class='ocr_par' dir='ltr' id='par_1_8' title="bbox 72 1123 1352 1420">
     <span class='ocr_line' id='line_1_9' title="bbox 74 1123 1351 1214; baseline 0.002 -25"><span class='ocrx_word' id='word_1_74' title='bbox 74 1125 199 1208; x_wconf 92' lang='lat' dir='ltr'>quidem</span> <span class='ocrx_word' id='word_1_75' title='bbox 231 1125 365 1189; x_wconf 89' lang='lat' dir='ltr'>adeum</span> <span class='ocrx_word' id='word_1_76' title='bbox 396 1123 497 1188; x_wconf 90' lang='lat' dir='ltr'>locum</span> <span class='ocrx_word' id='word_1_77' title='bbox 521 1125 604 1189; x_wconf 90' lang='lat' dir='ltr'>unde</span> <span class='ocrx_word' id='word_1_78' title='bbox 628 1123 747 1214; x_wconf 84' lang='lat' dir='ltr'>egressi</span> <span class='ocrx_word' id='word_1_79' title='bbox 768 1142 883 1198; x_wconf 56' lang='lat' dir='ltr'>,sumus</span> <span class='ocrx_word' id='word_1_80' title='bbox 912 1129 1112 1189; x_wconf 86' lang='lat' dir='ltr'>revertamur</span> <span class='ocrx_word' id='word_1_81' title='bbox 1140 1130 1173 1190; x_wconf 93' lang='lat' dir='ltr'>et</span> <span class='ocrx_word' id='word_1_82' title='bbox 1201 1127 1351 1192; x_wconf 91' lang='lat' dir='ltr'>notiones</span> 
     </span>
     <span class='ocr_line' id='line_1_10' title="bbox 72 1231 1352 1314; baseline 0 -16"><span class='ocrx_word' id='word_1_83' title='bbox 72 1231 235 1314; x_wconf 89' lang='lat' dir='ltr'>usquead</span> <span class='ocrx_word' id='word_1_84' title='bbox 259 1231 437 1296; x_wconf 82' lang='lat' dir='ltr'>recentiora</span> <span class='ocrx_word' id='word_1_85' title='bbox 452 1236 597 1312; x_wconf 89' lang='lat' dir='ltr'>tempora</span> <span class='ocrx_word' id='word_1_86' title='bbox 619 1249 848 1313; x_wconf 88' lang='lat' dir='ltr'>persequamur</span> <span class='ocrx_word' id='word_1_87' title='bbox 902 1231 949 1295; x_wconf 88' lang='lat' dir='ltr'>De</span> <span class='ocrx_word' id='word_1_88' title='bbox 972 1232 1097 1296; x_wconf 91' lang='lat' dir='ltr'>nomine</span> <span class='ocrx_word' id='word_1_89' title='bbox 1120 1238 1234 1314; x_wconf 89' lang='lat' dir='ltr'>postea</span> <span class='ocrx_word' id='word_1_90' title='bbox 1259 1252 1352 1299; x_wconf 88' lang='lat' dir='ltr'>accu-</span> 
     </span>
     <span class='ocr_line' id='line_1_11' title="bbox 74 1321 932 1420; baseline -0.003 -15"><span class='ocrx_word' id='word_1_91' title='bbox 74 1335 175 1404; x_wconf 84' lang='lat' dir='ltr'>ratius</span> <span class='ocrx_word' id='word_1_92' title='bbox 199 1338 435 1420; x_wconf 82' lang='lat' dir='ltr'>disputabimus.</span> <span class='ocrx_word' id='word_1_93' title='bbox 930 1321 932 1324; x_wconf 41' lang='grc'>’</span> 
     </span>
    </p>
   </div>
   <div class='ocr_carea' id='block_1_2' title="bbox 20 1498 1358 3508">
    <p class='ocr_par' dir='ltr' id='par_1_9' title="bbox 20 1498 1358 3508">
     <span class='ocr_line' id='line_1_12' title="bbox 61 1498 1354 1586; baseline 0.002 -22"><span class='ocrx_word' id='word_1_94' title='bbox 61 1582 63 1586; x_wconf 23' lang='grc' dir='ltr'>Ι</span> <span class='ocrx_word' id='word_1_95' title='bbox 180 1499 332 1565; x_wconf 91' lang='lat' dir='ltr'>Notiones</span> <span class='ocrx_word' id='word_1_96' title='bbox 356 1500 453 1581; x_wconf 83' lang='lat' dir='ltr'>igitur</span> <span class='ocrx_word' id='word_1_97' title='bbox 475 1499 550 1565; x_wconf 91' lang='lat' dir='ltr'>illae</span> <span class='ocrx_word' id='word_1_98' title='bbox 572 1500 762 1580; x_wconf 82' lang='lat' dir='ltr'>simulatque</span> <span class='ocrx_word' id='word_1_99' title='bbox 785 1501 817 1563; x_wconf 91' lang='lat' dir='ltr'>in</span> <span class='ocrx_word' id='word_1_100' title='bbox 840 1498 892 1563; x_wconf 96' lang='lat' dir='ltr'>illo</span> <span class='ocrx_word' id='word_1_101' title='bbox 916 1500 1064 1580; x_wconf 88' lang='lat' dir='ltr'>opusculo</span> <span class='ocrx_word' id='word_1_102' title='bbox 1089 1501 1215 1582; x_wconf 87' lang='lat' dir='ltr'>prolata</span> <span class='ocrx_word' id='word_1_103' title='bbox 1241 1507 1354 1582; x_wconf 90' lang='lat' dir='ltr'>erant,</span> 
     </span>
     <span class='ocr_line' id='line_1_13' title="bbox 76 1605 1354 1690; baseline 0 -17"><span class='ocrx_word' id='word_1_104' title='bbox 76 1627 135 1690; x_wconf 89' lang='lat' dir='ltr'>per</span> <span class='ocrx_word' id='word_1_105' title='bbox 165 1608 271 1671; x_wconf 88' lang='lat' dir='ltr'>omnia</span> <span class='ocrx_word' id='word_1_106' title='bbox 302 1607 449 1688; x_wconf 86' lang='lat' dir='ltr'>deinceps</span> <span class='ocrx_word' id='word_1_107' title='bbox 485 1605 610 1670; x_wconf 90' lang='lat' dir='ltr'>saecula</span> <span class='ocrx_word' id='word_1_108' title='bbox 640 1625 659 1670; x_wconf 89' lang='lat' dir='ltr'>a</span> <span class='ocrx_word' id='word_1_109' title='bbox 690 1605 800 1687; x_wconf 83' lang='lat' dir='ltr'>logicis</span> <span class='ocrx_word' id='word_1_110' title='bbox 831 1611 862 1670; x_wconf 93' lang='lat' dir='ltr'>et</span> <span class='ocrx_word' id='word_1_111' title='bbox 892 1605 1116 1688; x_wconf 84' lang='lat' dir='ltr'>metaphysicis</span> <span class='ocrx_word' id='word_1_112' title='bbox 1148 1608 1354 1690; x_wconf 85' lang='lat' dir='ltr'>pientissima</span> 
     </span>
     <span class='ocr_line' id='line_1_14' title="bbox 76 1704 1357 1794; baseline 0 -14"><span class='ocrx_word' id='word_1_113' title='bbox 76 1721 243 1787; x_wconf 78' lang='lat' dir='ltr'>serrantur</span> <span class='ocrx_word' id='word_1_114' title='bbox 266 1704 424 1794; x_wconf 88' lang='lat' dir='ltr'>uariisque</span> <span class='ocrx_word' id='word_1_115' title='bbox 448 1712 548 1776; x_wconf 91' lang='lat' dir='ltr'>modis</span> <span class='ocrx_word' id='word_1_116' title='bbox 573 1712 777 1792; x_wconf 85' lang='lat' dir='ltr'>explicantur.</span> <span class='ocrx_word' id='word_1_117' title='bbox 822 1712 977 1776; x_wconf 83' lang='lat' dir='ltr'>Proximis</span> <span class='ocrx_word' id='word_1_118' title='bbox 1000 1718 1073 1793; x_wconf 90' lang='lat' dir='ltr'>post</span> <span class='ocrx_word' id='word_1_119' title='bbox 1092 1713 1247 1778; x_wconf 89' lang='lat' dir='ltr'>Thomam</span> <span class='ocrx_word' id='word_1_120' title='bbox 1272 1719 1357 1781; x_wconf 91' lang='lat' dir='ltr'>tem-</span> 
     </span>
     <span class='ocr_line' id='line_1_15' title="bbox 50 1819 1357 1905; baseline 0.001 -18"><span class='ocrx_word' id='word_1_121' title='bbox 50 1822 206 1903; x_wconf 88' lang='lat' dir='ltr'>poribus</span> <span class='ocrx_word' id='word_1_122' title='bbox 231 1821 305 1902; x_wconf 89' lang='lat' dir='ltr'>quid</span> <span class='ocrx_word' id='word_1_123' title='bbox 330 1820 468 1894; x_wconf 89' lang='lat' dir='ltr'>doctoris</span> <span class='ocrx_word' id='word_1_124' title='bbox 499 1819 633 1901; x_wconf 83' lang='lat' dir='ltr'>angelici</span> <span class='ocrx_word' id='word_1_125' title='bbox 656 1819 800 1899; x_wconf 87' lang='lat' dir='ltr'>discipuli</span> <span class='ocrx_word' id='word_1_126' title='bbox 831 1820 870 1884; x_wconf 90' lang='lat' dir='ltr'>dc</span> <span class='ocrx_word' id='word_1_127' title='bbox 885 1826 888 1831; x_wconf 82' lang='grc'><strong>’</strong></span> <span class='ocrx_word' id='word_1_128' title='bbox 901 1821 1197 1905; x_wconf 88' lang='lat' dir='ltr'>transcendentibus</span> <span class='ocrx_word' id='word_1_129' title='bbox 1225 1821 1357 1903; x_wconf 84' lang='lat' dir='ltr'>judica-</span> 
     </span>
     <span class='ocr_line' id='line_1_16' title="bbox 76 1912 1355 2011; baseline 0.002 -17"><span class='ocrx_word' id='word_1_130' title='bbox 76 1912 188 2009; x_wconf 82' lang='lat' dir='ltr'>verint,</span> <span class='ocrx_word' id='word_1_131' title='bbox 211 1929 282 1993; x_wconf 89' lang='lat' dir='ltr'>vide</span> <span class='ocrx_word' id='word_1_132' title='bbox 305 1928 388 2009; x_wconf 90' lang='lat' dir='ltr'>apud</span> <span class='ocrx_word' id='word_1_133' title='bbox 412 1926 620 1993; x_wconf 88' lang='lat' dir='ltr'>Wernerum:</span> <span class='ocrx_word' id='word_1_134' title='bbox 644 1925 662 1989; x_wconf 94' lang='lat' dir='ltr'>l.</span> <span class='ocrx_word' id='word_1_135' title='bbox 686 1926 705 1989; x_wconf 94' lang='lat' dir='ltr'>l.</span> <span class='ocrx_word' id='word_1_136' title='bbox 728 1926 776 1990; x_wconf 90' lang='lat' dir='ltr'>III</span> <span class='ocrx_word' id='word_1_137' title='bbox 800 1925 986 1991; x_wconf 86' lang='lat' dir='ltr'>Geschiohte</span> <span class='ocrx_word' id='word_1_138' title='bbox 1010 1928 1065 1993; x_wconf 92' lang='lat' dir='ltr'>des</span> <span class='ocrx_word' id='word_1_139' title='bbox 1095 1928 1297 1994; x_wconf 88' lang='lat' dir='ltr'>Thomismus</span> <span class='ocrx_word' id='word_1_140' title='bbox 1323 1950 1355 2011; x_wconf 91' lang='lat' dir='ltr'>p.</span> 
     </span>
     <span class='ocr_line' id='line_1_17' title="bbox 79 2033 1356 2116; baseline 0.001 -15"><span class='ocrx_word' id='word_1_141' title='bbox 79 2041 151 2101; x_wconf 82' lang='lat'>293.</span> <span class='ocrx_word' id='word_1_142' title='bbox 197 2035 241 2100; x_wconf 90' lang='lat' dir='ltr'>Ut</span> <span class='ocrx_word' id='word_1_143' title='bbox 264 2040 425 2116; x_wconf 89' lang='lat' dir='ltr'>appareat,</span> <span class='ocrx_word' id='word_1_144' title='bbox 450 2033 606 2116; x_wconf 92' lang='lat' dir='ltr'>quomodo</span> <span class='ocrx_word' id='word_1_145' title='bbox 630 2033 708 2097; x_wconf 90' lang='lat' dir='ltr'>alius</span> <span class='ocrx_word' id='word_1_146' title='bbox 732 2033 784 2097; x_wconf 93' lang='lat' dir='ltr'>alii</span> <span class='ocrx_word' id='word_1_147' title='bbox 807 2033 919 2097; x_wconf 89' lang='lat' dir='ltr'>horum</span> <span class='ocrx_word' id='word_1_148' title='bbox 934 2035 1148 2099; x_wconf 70' lang='lat' dir='ltr'>‘terminorum</span> <span class='ocrx_word' id='word_1_149' title='bbox 1172 2036 1356 2102; x_wconf 84' lang='lat' dir='ltr'>doctrinam</span> 
     </span>
     <span class='ocr_line' id='line_1_18' title="bbox 20 2128 1356 2225; baseline 0 -17"><span class='ocrx_word' id='word_1_150' title='bbox 20 2128 23 2134; x_wconf 43' lang='lat'><strong><em>¹</em></strong></span> <span class='ocrx_word' id='word_1_151' title='bbox 78 2142 246 2208; x_wconf 88' lang='lat' dir='ltr'>tradiderit</span> <span class='ocrx_word' id='word_1_152' title='bbox 255 2142 421 2206; x_wconf 87' lang='lat' dir='ltr'>nonnullos</span> <span class='ocrx_word' id='word_1_153' title='bbox 432 2139 690 2204; x_wconf 89' lang='lat' dir='ltr'>scholasticorum</span> <span class='ocrx_word' id='word_1_154' title='bbox 702 2140 879 2204; x_wconf 92' lang='lat' dir='ltr'>nominabo.</span> <span class='ocrx_word' id='word_1_155' title='bbox 902 2141 1045 2205; x_wconf 87' lang='lat' dir='ltr'>Redeant</span> <span class='ocrx_word' id='word_1_156' title='bbox 1056 2143 1184 2208; x_wconf 90' lang='lat' dir='ltr'>termini</span> <span class='ocrx_word' id='word_1_157' title='bbox 1208 2143 1240 2206; x_wconf 92' lang='lat' dir='ltr'>in</span> <span class='ocrx_word' id='word_1_158' title='bbox 1253 2162 1356 2225; x_wconf 93' lang='lat' dir='ltr'>opus·</span> 
     </span>
     <span class='ocr_line' id='line_1_19' title="bbox 78 2247 1354 2330; baseline 0 -16"><span class='ocrx_word' id='word_1_159' title='bbox 78 2250 148 2314; x_wconf 94' lang='lat' dir='ltr'>culo</span> <span class='ocrx_word' id='word_1_160' title='bbox 172 2250 338 2325; x_wconf 83' lang='lat' dir='ltr'>Fransisco</span> <span class='ocrx_word' id='word_1_161' title='bbox 362 2248 508 2330; x_wconf 81' lang='lat' dir='ltr'>Magroni</span> <span class='ocrx_word' id='word_1_162' title='bbox 532 2247 695 2327; x_wconf 89' lang='lat' dir='ltr'>attributo,</span> <span class='ocrx_word' id='word_1_163' title='bbox 748 2247 785 2312; x_wconf 88' lang='lat' dir='ltr'>ci.</span> <span class='ocrx_word' id='word_1_164' title='bbox 818 2250 944 2314; x_wconf 90' lang='lat' dir='ltr'>Prantl:</span> <span class='ocrx_word' id='word_1_165' title='bbox 969 2249 987 2313; x_wconf 90' lang='lat' dir='ltr'>l.</span> <span class='ocrx_word' id='word_1_166' title='bbox 1011 2248 1029 2311; x_wconf 95' lang='lat' dir='ltr'>l.</span> <span class='ocrx_word' id='word_1_167' title='bbox 1054 2249 1101 2312; x_wconf 91' lang='lat' dir='ltr'>III</span> <span class='ocrx_word' id='word_1_168' title='bbox 1123 2268 1153 2329; x_wconf 92' lang='lat' dir='ltr'>p.</span> <span class='ocrx_word' id='word_1_169' title='bbox 1178 2253 1241 2313; x_wconf 81' lang='lat'>289</span> <span class='ocrx_word' id='word_1_170' title='bbox 1275 2249 1354 2315; x_wconf 90' lang='lat' dir='ltr'>Not.</span> 
     </span>
     <span class='ocr_line' id='line_1_20' title="bbox 79 2354 1352 2438; baseline -0.002 -16"><span class='ocrx_word' id='word_1_171' title='bbox 79 2362 159 2422; x_wconf 73' lang='lat'>534:</span> <span class='ocrx_word' id='word_1_172' title='bbox 184 2356 425 2436; x_wconf 82' lang='lat' dir='ltr'>„Formalitates</span> <span class='ocrx_word' id='word_1_173' title='bbox 449 2360 522 2420; x_wconf 88' lang='lat' dir='ltr'>suut</span> <span class='ocrx_word' id='word_1_174' title='bbox 546 2354 786 2436; x_wconf 90' lang='lat' dir='ltr'>inquadruplici</span> <span class='ocrx_word' id='word_1_175' title='bbox 799 2355 984 2435; x_wconf 85' lang='lat' dir='ltr'>differentia,</span> <span class='ocrx_word' id='word_1_176' title='bbox 1009 2355 1083 2436; x_wconf 90' lang='lat' dir='ltr'>quia</span> <span class='ocrx_word' id='word_1_177' title='bbox 1107 2356 1265 2437; x_wconf 88' lang='lat' dir='ltr'>quaedam</span> <span class='ocrx_word' id='word_1_178' title='bbox 1274 2374 1352 2438; x_wconf 89' lang='lat' dir='ltr'>spe·</span> 
     </span>
     <span class='ocr_line' id='line_1_21' title="bbox 79 2462 1355 2543; baseline -0.001 -15"><span class='ocrx_word' id='word_1_179' title='bbox 79 2465 261 2543; x_wconf 87' lang='lat' dir='ltr'>cialissima,</span> <span class='ocrx_word' id='word_1_180' title='bbox 278 2469 314 2528; x_wconf 92' lang='lat' dir='ltr'>ut</span> <span class='ocrx_word' id='word_1_181' title='bbox 337 2463 517 2527; x_wconf 89' lang='lat' dir='ltr'>humanitas</span> <span class='ocrx_word' id='word_1_182' title='bbox 541 2468 572 2527; x_wconf 94' lang='lat' dir='ltr'>et</span> <span class='ocrx_word' id='word_1_183' title='bbox 596 2462 753 2542; x_wconf 76' lang='lat' dir='ltr'>asineitaS,</span> <span class='ocrx_word' id='word_1_184' title='bbox 782 2462 936 2527; x_wconf 90' lang='lat' dir='ltr'>secundae</span> <span class='ocrx_word' id='word_1_185' title='bbox 967 2467 1039 2527; x_wconf 92' lang='lat' dir='ltr'>sunt</span> <span class='ocrx_word' id='word_1_186' title='bbox 1070 2462 1282 2542; x_wconf 87' lang='lat' dir='ltr'>subalternae,</span> <span class='ocrx_word' id='word_1_187' title='bbox 1316 2468 1355 2528; x_wconf 89' lang='lat' dir='ltr'>ut</span> 
     </span>
     <span class='ocr_line' id='line_1_22' title="bbox 79 2569 1355 2651; baseline -0.001 -16"><span class='ocrx_word' id='word_1_188' title='bbox 79 2571 266 2650; x_wconf 72' lang='lat' dir='ltr'>animalitas</span> <span class='ocrx_word' id='word_1_189' title='bbox 300 2571 415 2635; x_wconf 90' lang='lat' dir='ltr'>tertiae</span> <span class='ocrx_word' id='word_1_190' title='bbox 448 2577 520 2634; x_wconf 89' lang='lat' dir='ltr'>sunt</span> <span class='ocrx_word' id='word_1_191' title='bbox 552 2569 807 2651; x_wconf 81' lang='lat' dir='ltr'>generalissimae</span> <span class='ocrx_word' id='word_1_192' title='bbox 840 2575 875 2633; x_wconf 88' lang='lat' dir='ltr'>ut</span> <span class='ocrx_word' id='word_1_193' title='bbox 908 2569 1084 2634; x_wconf 79' lang='lat' dir='ltr'>formalitas</span> <span class='ocrx_word' id='word_1_194' title='bbox 1119 2569 1283 2651; x_wconf 86' lang='lat' dir='ltr'>qualitatis</span> <span class='ocrx_word' id='word_1_195' title='bbox 1320 2577 1355 2636; x_wconf 90' lang='lat' dir='ltr'>et</span> 
     </span>
     <span class='ocr_line' id='line_1_23' title="bbox 80 2660 1355 2762; baseline -0.002 -18"><span class='ocrx_word' id='word_1_196' title='bbox 80 2679 275 2762; x_wconf 86' lang='lat' dir='ltr'>quantitatis,</span> <span class='ocrx_word' id='word_1_197' title='bbox 300 2682 433 2759; x_wconf 89' lang='lat' dir='ltr'>quartae</span> <span class='ocrx_word' id='word_1_198' title='bbox 457 2683 530 2740; x_wconf 91' lang='lat' dir='ltr'>sunt</span> <span class='ocrx_word' id='word_1_199' title='bbox 559 2660 826 2756; x_wconf 85' lang='lat' dir='ltr'>transcendentes,</span> <span class='ocrx_word' id='word_1_200' title='bbox 858 2681 894 2741; x_wconf 91' lang='lat' dir='ltr'>ut</span> <span class='ocrx_word' id='word_1_201' title='bbox 927 2679 1050 2757; x_wconf 77' lang='lat' dir='ltr'>entitas</span> <span class='ocrx_word' id='word_1_202' title='bbox 1085 2676 1198 2756; x_wconf 73' lang='lat' dir='ltr'>unitas</span> <span class='ocrx_word' id='word_1_203' title='bbox 1230 2676 1355 2742; x_wconf 90' lang='lat' dir='ltr'>veritas</span> 
     </span>
     <span class='ocr_line' id='line_1_24' title="bbox 80 2775 1354 2866; baseline -0.003 -14"><span class='ocrx_word' id='word_1_204' title='bbox 80 2788 229 2852; x_wconf 84' lang='lat' dir='ltr'>bonitas‚“</span> <span class='ocrx_word' id='word_1_205' title='bbox 275 2775 418 2866; x_wconf 84' lang='lat' dir='ltr'>Apparet</span> <span class='ocrx_word' id='word_1_206' title='bbox 446 2784 543 2865; x_wconf 87' lang='lat' dir='ltr'>igitur</span> <span class='ocrx_word' id='word_1_207' title='bbox 573 2783 620 2846; x_wconf 92' lang='lat' dir='ltr'>his</span> <span class='ocrx_word' id='word_1_208' title='bbox 648 2783 827 2847; x_wconf 89' lang='lat' dir='ltr'>notionibus</span> <span class='ocrx_word' id='word_1_209' title='bbox 858 2802 896 2848; x_wconf 91' lang='lat' dir='ltr'>ea</span> <span class='ocrx_word' id='word_1_210' title='bbox 925 2784 1065 2864; x_wconf 84' lang='lat' dir='ltr'>exprimi,</span> <span class='ocrx_word' id='word_1_211' title='bbox 1096 2802 1177 2864; x_wconf 88' lang='lat' dir='ltr'>quae</span> <span class='ocrx_word' id='word_1_212' title='bbox 1205 2783 1354 2848; x_wconf 88' lang='lat' dir='ltr'>omnibus</span> 
     </span>
     <span class='ocr_line' id='line_1_25' title="bbox 20 2886 1355 2973; baseline -0.003 -14"><span class='ocrx_word' id='word_1_213' title='bbox 20 2912 23 2918; x_wconf 90' lang='lat'>·</span> <span class='ocrx_word' id='word_1_214' title='bbox 79 2895 174 2959; x_wconf 93' lang='lat' dir='ltr'>rebus</span> <span class='ocrx_word' id='word_1_215' title='bbox 198 2898 230 2957; x_wconf 90' lang='lat' dir='ltr'>et</span> <span class='ocrx_word' id='word_1_216' title='bbox 254 2893 385 2956; x_wconf 88' lang='lat' dir='ltr'>diversis</span> <span class='ocrx_word' id='word_1_217' title='bbox 408 2909 514 2955; x_wconf 88' lang='lat' dir='ltr'>rerum</span> <span class='ocrx_word' id='word_1_218' title='bbox 539 2890 705 2972; x_wconf 87' lang='lat' dir='ltr'>generibus</span> <span class='ocrx_word' id='word_1_219' title='bbox 729 2886 916 2954; x_wconf 86' lang='lat' dir='ltr'>conveniunt</span> <span class='ocrx_word' id='word_1_220' title='bbox 942 2888 988 2973; x_wconf 74' lang='grc'>17),</span> <span class='ocrx_word' id='word_1_221' title='bbox 1012 2891 1045 2954; x_wconf 93' lang='lat' dir='ltr'>id</span> <span class='ocrx_word' id='word_1_222' title='bbox 1069 2890 1152 2972; x_wconf 93' lang='lat' dir='ltr'>quod</span> <span class='ocrx_word' id='word_1_223' title='bbox 1181 2890 1283 2954; x_wconf 88' lang='lat' dir='ltr'>elucet</span> <span class='ocrx_word' id='word_1_224' title='bbox 1314 2910 1355 2955; x_wconf 87' lang='lat' dir='ltr'>ex</span> 
     </span>
     <span class='ocr_line' id='line_1_26' title="bbox 21 2984 1353 3087; baseline -0.002 -22"><span class='ocrx_word' id='word_1_225' title='bbox 21 3066 24 3071; x_wconf 84' lang='grc'><em>,</em></span> <span class='ocrx_word' id='word_1_226' title='bbox 81 3000 288 3087; x_wconf 68' lang='lat' dir='ltr'>explicatione</span> <span class='ocrx_word' id='word_1_227' title='bbox 312 2998 464 3063; x_wconf 86' lang='lat' dir='ltr'>Armandi</span> <span class='ocrx_word' id='word_1_228' title='bbox 489 2999 528 3061; x_wconf 92' lang='lat' dir='ltr'>de</span> <span class='ocrx_word' id='word_1_229' title='bbox 551 2997 725 3075; x_wconf 85' lang='lat' dir='ltr'>bellovisu,</span> <span class='ocrx_word' id='word_1_230' title='bbox 750 2997 802 3077; x_wconf 93' lang='lat' dir='ltr'>qui</span> <span class='ocrx_word' id='word_1_231' title='bbox 826 2997 901 3061; x_wconf 92' lang='lat' dir='ltr'>dicit</span> <span class='ocrx_word' id='word_1_232' title='bbox 925 2984 1058 3082; x_wconf 76' lang='lat' dir='ltr'>(Prantlz</span> <span class='ocrx_word' id='word_1_233' title='bbox 1081 2998 1130 3062; x_wconf 74' lang='lat' dir='ltr'>ll.</span> <span class='ocrx_word' id='word_1_234' title='bbox 1155 2997 1203 3061; x_wconf 95' lang='grc' dir='ltr'>ΙΠ</span> <span class='ocrx_word' id='word_1_235' title='bbox 1224 3016 1254 3078; x_wconf 91' lang='lat' dir='ltr'>p.</span> <span class='ocrx_word' id='word_1_236' title='bbox 1269 2996 1353 3083; x_wconf 89' lang='lat'>310)</span> 
     </span>
     <span class='ocr_line' id='line_1_27' title="bbox 80 3102 1355 3189; baseline -0.002 -17"><span class='ocrx_word' id='word_1_237' title='bbox 80 3107 241 3189; x_wconf 75' lang='lat' dir='ltr'>„Nomina</span> <span class='ocrx_word' id='word_1_238' title='bbox 250 3124 330 3187; x_wconf 88' lang='lat' dir='ltr'>quae</span> <span class='ocrx_word' id='word_1_239' title='bbox 341 3105 520 3185; x_wconf 84' lang='lat' dir='ltr'>exprimunt</span> <span class='ocrx_word' id='word_1_240' title='bbox 532 3105 658 3168; x_wconf 90' lang='lat' dir='ltr'>modum</span> <span class='ocrx_word' id='word_1_241' title='bbox 683 3103 763 3167; x_wconf 90' lang='lat' dir='ltr'>entis</span> <span class='ocrx_word' id='word_1_242' title='bbox 787 3108 1028 3185; x_wconf 89' lang='lat' dir='ltr'>consequentem</span> <span class='ocrx_word' id='word_1_243' title='bbox 1044 3102 1234 3186; x_wconf 86' lang='lat' dir='ltr'>generaliter</span> <span class='ocrx_word' id='word_1_244' title='bbox 1259 3122 1355 3170; x_wconf 91' lang='lat' dir='ltr'>omne</span> 
     </span>
     <span class='ocr_line' id='line_1_28' title="bbox 85 3210 1358 3293; baseline -0.002 -14"><span class='ocrx_word' id='word_1_245' title='bbox 85 3233 140 3280; x_wconf 89' lang='lat' dir='ltr'>ens</span> <span class='ocrx_word' id='word_1_246' title='bbox 157 3218 189 3278; x_wconf 91' lang='lat' dir='ltr'>et</span> <span class='ocrx_word' id='word_1_247' title='bbox 213 3213 333 3277; x_wconf 93' lang='lat' dir='ltr'>addunt</span> <span class='ocrx_word' id='word_1_248' title='bbox 356 3211 439 3274; x_wconf 91' lang='lat' dir='ltr'>hunc</span> <span class='ocrx_word' id='word_1_249' title='bbox 462 3211 588 3275; x_wconf 93' lang='lat' dir='ltr'>modum</span> <span class='ocrx_word' id='word_1_250' title='bbox 614 3210 817 3291; x_wconf 84' lang='lat' dir='ltr'>exprimendo</span> <span class='ocrx_word' id='word_1_251' title='bbox 841 3211 941 3292; x_wconf 90' lang='lat' dir='ltr'>ipsum</span> <span class='ocrx_word' id='word_1_252' title='bbox 966 3212 1052 3277; x_wconf 89' lang='lat' dir='ltr'>varie</span> <span class='ocrx_word' id='word_1_253' title='bbox 1076 3230 1171 3293; x_wconf 90' lang='lat' dir='ltr'>super</span> <span class='ocrx_word' id='word_1_254' title='bbox 1194 3229 1257 3290; x_wconf 76' lang='lat' dir='ltr'>ena,</span> <span class='ocrx_word' id='word_1_255' title='bbox 1281 3217 1358 3291; x_wconf 89' lang='lat' dir='ltr'>sunt</span> 
     </span>
     <span class='ocr_line' id='line_1_29' title="bbox 83 3305 1356 3403; baseline -0.002 -18"><span class='ocrx_word' id='word_1_256' title='bbox 83 3322 220 3403; x_wconf 90' lang='lat' dir='ltr'>quinque</span> <span class='ocrx_word' id='word_1_257' title='bbox 242 3318 508 3397; x_wconf 89' lang='lat' dir='ltr'>transcendentia,</span> <span class='ocrx_word' id='word_1_258' title='bbox 532 3324 642 3382; x_wconf 85' lang='lat' dir='ltr'>etens</span> <span class='ocrx_word' id='word_1_259' title='bbox 669 3318 709 3382; x_wconf 90' lang='lat' dir='ltr'>ad</span> <span class='ocrx_word' id='word_1_260' title='bbox 743 3318 826 3399; x_wconf 90' lang='lat' dir='ltr'>quod</span> <span class='ocrx_word' id='word_1_261' title='bbox 856 3305 976 3382; x_wconf 88' lang='lat' dir='ltr'>addunt</span> <span class='ocrx_word' id='word_1_262' title='bbox 1010 3319 1094 3383; x_wconf 80' lang='lat' dir='ltr'>hunc‘</span> <span class='ocrx_word' id='word_1_263' title='bbox 1131 3319 1268 3398; x_wconf 88' lang='lat' dir='ltr'>modum,</span> <span class='ocrx_word' id='word_1_264' title='bbox 1304 3324 1356 3384; x_wconf 90' lang='lat' dir='ltr'>est</span> 
     </span>
     <span class='ocr_line' id='line_1_30' title="bbox 83 3424 1356 3508; baseline -0.002 -15"><span class='ocrx_word' id='word_1_265' title='bbox 83 3433 204 3494; x_wconf 87' lang='lat' dir='ltr'>sextum</span> <span class='ocrx_word' id='word_1_266' title='bbox 232 3425 486 3491; x_wconf 87' lang='lat' dir='ltr'>transcendens“</span> <span class='ocrx_word' id='word_1_267' title='bbox 532 3425 613 3490; x_wconf 88' lang='lat' dir='ltr'>Fere</span> <span class='ocrx_word' id='word_1_268' title='bbox 643 3424 754 3490; x_wconf 90' lang='lat' dir='ltr'>eodem</span> <span class='ocrx_word' id='word_1_269' title='bbox 781 3425 875 3489; x_wconf 92' lang='lat' dir='ltr'>modo</span> <span class='ocrx_word' id='word_1_270' title='bbox 899 3424 937 3489; x_wconf 91' lang='lat' dir='ltr'>de</span> <span class='ocrx_word' id='word_1_271' title='bbox 961 3425 1255 3491; x_wconf 86' lang='lat' dir='ltr'>transcendentibus</span> <span class='ocrx_word' id='word_1_272' title='bbox 1284 3427 1356 3508; x_wconf 86' lang='lat' dir='ltr'>agit</span> 
     </span>
    </p>
   </div>
   <div class='ocr_carea' id='block_1_3' title="bbox 192 3619 857 3778">
    <p class='ocr_par' dir='ltr' id='par_1_10' title="bbox 192 3619 857 3778">
     <span class='ocr_line' id='line_1_31' title="bbox 192 3619 604 3690; baseline -0.005 -15"><span class='ocrx_word' id='word_1_273' title='bbox 192 3621 220 3690; x_wconf 81' lang='lat'>¹⁵)</span> <span class='ocrx_word' id='word_1_274' title='bbox 240 3621 272 3675; x_wconf 87' lang='lat' dir='ltr'>cf.</span> <span class='ocrx_word' id='word_1_275' title='bbox 292 3621 405 3674; x_wconf 82' lang='lat' dir='ltr'>Bonita:</span> <span class='ocrx_word' id='word_1_276' title='bbox 425 3619 440 3670; x_wconf 92' lang='lat' dir='ltr'>l.</span> <span class='ocrx_word' id='word_1_277' title='bbox 461 3619 476 3671; x_wconf 89' lang='lat' dir='ltr'>l.</span> <span class='ocrx_word' id='word_1_278' title='bbox 498 3637 524 3687; x_wconf 90' lang='lat' dir='ltr'>p.</span> <span class='ocrx_word' id='word_1_279' title='bbox 544 3621 604 3673; x_wconf 82' lang='grc'><strong>599.</strong></span> 
     </span>
     <span class='ocr_line' id='line_1_32' title="bbox 295 3708 857 3778; baseline 0.002 -17"><span class='ocrx_word' id='word_1_280' title='bbox 295 3708 397 3762; x_wconf 77' lang='lat' dir='ltr'>Zeller:</span> <span class='ocrx_word' id='word_1_281' title='bbox 425 3708 597 3762; x_wconf 86' lang='lat' dir='ltr'>Platonische</span> <span class='ocrx_word' id='word_1_282' title='bbox 615 3708 732 3762; x_wconf 86' lang='lat' dir='ltr'>Studien.</span> <span class='ocrx_word' id='word_1_283' title='bbox 752 3725 779 3778; x_wconf 84' lang='lat' dir='ltr'>p.</span> <span class='ocrx_word' id='word_1_284' title='bbox 798 3712 857 3764; x_wconf 84' lang='lat'>280.</span> 
     </span>
    </p>
   </div>
   <div class='ocr_carea' id='block_1_4' title="bbox 83 3832 1356 4116">
    <p class='ocr_par' dir='ltr' id='par_1_11' title="bbox 83 3832 1356 4116">
     <span class='ocr_line' id='line_1_33' title="bbox 192 3832 1356 3905; baseline 0.004 -17"><span class='ocrx_word' id='word_1_285' title='bbox 192 3836 221 3903; x_wconf 79' lang='lat'>¹⁶)</span> <span class='ocrx_word' id='word_1_286' title='bbox 241 3835 355 3888; x_wconf 84' lang='lat' dir='ltr'>Joannis</span> <span class='ocrx_word' id='word_1_287' title='bbox 374 3833 439 3902; x_wconf 90' lang='lat' dir='ltr'>Pici,</span> <span class='ocrx_word' id='word_1_288' title='bbox 467 3833 638 3887; x_wconf 86' lang='lat' dir='ltr'>Mirandulae</span> <span class='ocrx_word' id='word_1_289' title='bbox 657 3832 874 3902; x_wconf 74' lang='lat' dir='ltr'>concordiaeque</span> <span class='ocrx_word' id='word_1_290' title='bbox 891 3835 1004 3903; x_wconf 87' lang='lat' dir='ltr'>comitis,</span> <span class='ocrx_word' id='word_1_291' title='bbox 1023 3836 1223 3905; x_wconf 82' lang='lat' dir='ltr'>Theologorum</span> <span class='ocrx_word' id='word_1_292' title='bbox 1242 3843 1269 3890; x_wconf 89' lang='lat' dir='ltr'>et</span> <span class='ocrx_word' id='word_1_293' title='bbox 1287 3838 1356 3894; x_wconf 92' lang='lat' dir='ltr'>Phi-</span> 
     </span>
     <span class='ocr_line' id='line_1_34' title="bbox 83 3918 1354 4013; baseline 0.005 -16"><span class='ocrx_word' id='word_1_294' title='bbox 83 3942 268 4012; x_wconf 88' lang='lat' dir='ltr'>losophorum,</span> <span class='ocrx_word' id='word_1_295' title='bbox 288 3942 345 3993; x_wconf 88' lang='lat' dir='ltr'>sine</span> <span class='ocrx_word' id='word_1_296' title='bbox 364 3920 701 4010; x_wconf 81' lang='lat' dir='ltr'>controversia,Principis</span> <span class='ocrx_word' id='word_1_297' title='bbox 721 3918 766 3994; x_wconf 81' lang='lat' dir='ltr'>etc.</span> <span class='ocrx_word' id='word_1_298' title='bbox 788 3955 879 4013; x_wconf 82' lang='lat' dir='ltr'>opera,</span> <span class='ocrx_word' id='word_1_299' title='bbox 898 3958 967 4009; x_wconf 90' lang='lat' dir='ltr'>quae</span> <span class='ocrx_word' id='word_1_300' title='bbox 985 3949 1076 3997; x_wconf 85' lang='lat' dir='ltr'>extant</span> <span class='ocrx_word' id='word_1_301' title='bbox 1085 3945 1182 4013; x_wconf 85' lang='lat' dir='ltr'>omnia.</span> <span class='ocrx_word' id='word_1_302' title='bbox 1219 3945 1354 4005; x_wconf 82' lang='lat' dir='ltr'>Basileae.</span> 
     </span>
     <span class='ocr_line' id='line_1_35' title="bbox 85 4048 664 4116; baseline -0.005 -13"><span class='ocrx_word' id='word_1_303' title='bbox 85 4051 137 4103; x_wconf 87' lang='lat' dir='ltr'>Per</span> <span class='ocrx_word' id='word_1_304' title='bbox 155 4049 341 4103; x_wconf 87' lang='lat' dir='ltr'>Sebastianum</span> <span class='ocrx_word' id='word_1_305' title='bbox 360 4048 540 4116; x_wconf 86' lang='lat' dir='ltr'>Henricpetri.</span> <span class='ocrx_word' id='word_1_306' title='bbox 557 4063 585 4116; x_wconf 91' lang='lat' dir='ltr'>p.</span> <span class='ocrx_word' id='word_1_307' title='bbox 606 4049 664 4101; x_wconf 87' lang='grc'>161.</span> 
     </span>
    </p>
   </div>
   <div class='ocr_carea' id='block_1_5' title="bbox 177 4185 806 4281">
    <p class='ocr_par' dir='ltr' id='par_1_12' title="bbox 177 4185 806 4281">
     <span class='ocr_line' id='line_1_36' title="bbox 177 4185 806 4281; baseline 0.019 -26"><span class='ocrx_word' id='word_1_308' title='bbox 177 4206 311 4270; x_wconf 61' lang='lat' dir='ltr'>&#39;7015ss</span> <span class='ocrx_word' id='word_1_309' title='bbox 340 4208 468 4264; x_wconf 79' lang='lat' dir='ltr'>Weruer:</span> <span class='ocrx_word' id='word_1_310' title='bbox 486 4208 504 4264; x_wconf 91' lang='lat' dir='ltr'>l.</span> <span class='ocrx_word' id='word_1_311' title='bbox 524 4209 542 4264; x_wconf 91' lang='lat' dir='ltr'>l.</span> <span class='ocrx_word' id='word_1_312' title='bbox 563 4210 594 4265; x_wconf 90' lang='lat' dir='ltr'><strong>H</strong></span> <span class='ocrx_word' id='word_1_313' title='bbox 609 4227 636 4281; x_wconf 93' lang='lat' dir='ltr'>p.</span> <span class='ocrx_word' id='word_1_314' title='bbox 662 4211 694 4266; x_wconf 90' lang='grc'>16</span> <span class='ocrx_word' id='word_1_315' title='bbox 714 4185 806 4269; x_wconf 82' lang='lat' dir='ltr'>adnot.</span> 
     </span>
    </p>
   </div>
   <div class='ocr_carea' id='block_1_6' title="bbox 0 0 1434 4514">
    <p class='ocr_par' dir='ltr' id='par_1_13' title="bbox 0 0 1434 4514">
     <span class='ocr_line' id='line_1_37' title="bbox 0 0 1434 4514; baseline 0 0"><span class='ocrx_word' id='word_1_316' title='bbox 0 0 1434 4514; x_wconf 95' lang='lat' dir='ltr'> </span> 
     </span>
    </p>
   </div>
  </div>
 </body>
</html>
