2834 4514
634 156 679 239 ως
695 142 845 239 ε,Μ

99 354 149 423 εῖ,
174 349 239 412 Εεε
270 353 317 412 θεῖ
347 367 407 412 res.
452 349 538 430 Ergo
572 359 706 417 nonest
738 354 842 434 passio
867 351 956 415 entis.
1006 357 1033 413 4.
1063 350 1154 440 ldem
1183 367 1310 429 quoque
1342 349 1381 413 de

100 459 144 536 epi
176 455 295 536 aliquid
319 456 521 520 statuendum
546 464 602 521 est.
650 459 708 536 Qui
734 461 816 524 enim
849 459 938 522 audit
962 476 1069 528 vocem
1094 456 1236 536 Aliquid,
1270 456 1382 519 statim

99 561 177 624 Rem
215 562 366 642 concipit,
402 582 482 643 quae
517 583 578 628 non
614 566 655 628 sit
692 567 818 630 omnino
850 565 942 642 nihil,
989 564 1044 628 sed
1073 563 1190 627 habeat
1220 563 1382 642 quandam

101 669 280 751 essentiam.
481 684 483 688 ’
590 685 592 688 ’
638 727 640 732 .

206 776 356 840 Haeo'de
375 777 474 854 Ente,
498 796 543 856 re,
568 784 600 841 ct
618 780 751 843 'notione
775 776 1071 860 eliquidsufficient,
1091 778 1157 856 J'am
1181 780 1384 839 transcamus

100 883 140 945 ad
165 903 269 962 unum,
293 883 333 946 de
358 902 418 964 quo
444 884 603 948 Alstedius
628 887 704 950 dicit
727 906 755 966 p
782 892 837 950 65:
869 885 987 965 „Unius
1011 903 1070 946 vox
1094 883 1262 963 tripliciter
1287 901 1381 945 usur-

101 998 211 1071 patur:
240 997 264 1052 l.
296 1008 354 1070 pro
379 993 637 1072 transcendente,
662 994 744 1073 quod
770 1012 838 1056 cum
864 1000 935 1056 ente
960 991 1161 1054 convertitur.
1186 994 1212 1052 2.
1244 1008 1303 1068 pro
1337 1008 1384 1068 eo,

102 1096 185 1176 quod
210 1096 341 1176 simplex
365 1097 524 1177 quoddam
548 1105 604 1178 est,
628 1101 733 1186 itaut
756 1101 874 1163 nullam
895 1099 1010 1162 habeat
1034 1096 1247 1178 pluralitatem
1272 1114 1384 1158 rerum

102 1204 329 1266 distinctarum.
378 1208 405 1267 3.
436 1223 495 1284 pro
525 1206 680 1286 principio
712 1195 862 1271 numeri.“
908 1204 1007 1268 Nobis
1037 1210 1159 1268 tantum
1191 1223 1228 1266 ea
1251 1203 1384 1282 respici-

102 1311 182 1374 enda
215 1315 302 1387 sunt,
336 1330 416 1392 quae
455 1312 495 1375 ad
528 1312 664 1393 primum
703 1319 856 1394 spectant.
917 1313 1027 1393 Pergit
1059 1311 1171 1374 deinde
1204 1308 1384 1372 Alstodius:

103 1401 225 1494 „Unum
249 1418 526 1482 transcendentale
551 1424 613 1497 θεῖ,
645 1420 728 1500 quod
754 1439 823 1483 cum
848 1401 919 1484 ente
943 1419 1152 1495 convertitur,
1182 1412 1217 1479 ut
1241 1416 1280 1478 de
1306 1435 1384 1496 quo-

102 1515 228 1604 cunque
247 1541 302 1586 ens
325 1524 503 1604 praedicari
526 1526 625 1606 possit
655 1546 751 1589 unum
776 1545 900 1607 quoque
924 1526 1141 1606 praedicetur,
1171 1542 1232 1604 que
1255 1523 1383 1587 ratione

101 1631 133 1692 in
156 1631 241 1693 nullo
266 1635 313 1693 est
336 1632 605 1712 praedicamento,
635 1634 688 1696 sed
713 1634 744 1696 in
769 1634 927 1711 omnibus,
963 1638 999 1695 εῖ
1023 1632 1106 1713 quod
1136 1631 1167 1693 in
1192 1631 1303 1710 quovis
1329 1649 1383 1693 en-

102 1737 179 1799 tium
204 1755 318 1816 genere
349 1739 389 1801 sit
412 1739 531 1820 aliquid
560 1740 755 1803 indivisum.“
780 1740 817 1804 cl.
841 1740 878 1802 K.
904 1740 1061 1802 Werner.:
1092 1738 1158 1801 Der
1188 1737 1217 1799 h.
1241 1736 1383 1800 Thomas

102 1863 129 1906 ε.
143 1845 267 1923 Aquino
292 1844 367 1925 llp.
396 1850 453 1908 181
480 1845 550 1909 adn.
585 1852 625 1910 l:-
645 1898 659 1927 „
674 1846 779 1910 Unum
803 1846 879 1910 nihil
903 1846 987 1910 aliud
1011 1838 1175 1926 significat,
1200 1861 1294 1923 quam
1326 1861 1383 1907 ens

103 1951 279 2013 indivisum.
333 1951 375 2014 Et
406 1951 465 2015 hoc
498 1972 535 2015 ex
565 1953 633 2033 ipso
658 1959 808 2034 apparet,
830 1943 925 2033 ‘quod
949 1930 1045 2014 unum
1080 1951 1275 2013 convertitur
1311 1969 1383 2013 cum

103 2063 182 2120 ente.
228 2056 309 2120 Nam
334 2076 425 2122 omne
449 2077 503 2122 ens
528 2064 576 2123 est
599 2065 654 2124 aut
665 2061 797 2141 simplex
820 2064 876 2124 aut
899 2059 1115 2138 compositum.
1163 2056 1254 2133 Quod
1273 2061 1381 2122 autem

103 2169 151 2226 est
173 2164 314 2243 simplex,
338 2169 386 2227 est
409 2165 576 2228 indivisum
601 2171 715 2230 et-actu
740 2172 772 2229 θῖ
795 2165 945 2247 potentia.
992 2164 1086 2243 Quod¹
1106 2168 1211 2227 autem
1225 2170 1273 2226 est
1298 2183 1383 2227 com-

103 2269 249 2351 positum,
272 2289 335 2333 non
359 2270 455 2335 habet
476 2290 544 2336 esse
568 2273 718 2354 quamdiu
742 2280 852 2354 partes
876 2272 942 2353 ejus
966 2271 1190 2350 suntdivisae,
1214 2270 1269 2334 sed
1294 2277 1383 2350 post.

104 2395 197 2459 quam
222 2377 417 2441 constituunt
431 2382 461 2441 ot
485 2363 676 2460 componunt
699 2381 802 2460 ipsum
815 2379 1030 2460 compositum.
1077 2376 1389 2442 Undemaniiestnm

103 2489 159 2562 est,
173 2484 267 2564 -quod
287 2503 355 2548 esse
379 2485 544 2566 cujuslibet
563 2487 610 2549 rei
633 2487 776 2550 consistit
799 2487 831 2551 in
843 2487 1043 2564 indivisione;
1067 2490 1099 2549 et
1123 2486 1194 2548 inde
1215 2490 1270 2560 est,
1296 2486 1383 2564 quod

102 2591 356 2672 unumquodque,
380 2592 461 2655 sicut
485 2593 622 2656 custodit
639 2612 729 2657 sunm
754 2612 831 2674 esse,
854 2595 900 2658 ita
923 2593 1061 2658 custodit
1084 2611 1173 2656 suam
1197 2592 1382 2657 unitatem.“

102 2697 222 2761 Eadem
246 2696 312 2762 fere
335 2699 533 2780 verbalegis·
547 2701 630 2780 apud
654 2700 829 2764 Alstedium
854 2720 884 2782 p.
909 2707 962 2764 74:
987 2699 1093 2780 „Sicut
1116 2717 1167 2762 res
1191 2716 1383 2763 conservare

103 2805 209 2869 studet
225 2823 313 2869 suum
339 2824 415 2885 esse,
439 2807 484 2870 ita
508 2812 538 2870 et
556 2807 720 2870 unitatem.
765 2827 793 2887 p.
820 2813 873 2870 75:
897 2807 963 2870 Ens
988 2813 1019 2870 et
1036 2825 1132 2869 unum
1155 2805 1383 2869 transcendens

103 2916 176 2976 sunt
207 2912 289 2976 idem
323 2913 467 2992 realiter,
500 2915 555 2977 sed
588 2908 826 2995 distinguuntur
853 2914 1037 2977 formaliter.
1093 2913 1187 2976 Ratio
1218 2916 1266 2974 est
1298 2912 1383 2991 quia,

104 3037 185 3099 quae
208 3019 300 3082 simul
314 3026 508 3101 generantur
531 3025 562 3084 et
577 3025 832 3101 corrumpuntur,
855 3027 928 3084 sunt
941 3020 1033 3083 idem.
1080 3017 1207 3082 Sedens
1226 3020 1257 3079 et
1280 3035 1381 3081 unum

104 3125 148 3188 sic
172 3144 205 3190 sc
229 3126 355 3204 hahent,
380 3128 463 3207 quod
488 3129 562 3191 dum
586 3133 833 3208 generaturens,
857 3130 1029 3207 generatur
1052 3143 1155 3188 unum.
1201 3122 1283 3185 Nam
1308 3141 1381 3188 cum

103 3238 276 3313 generatur
299 3233 410 3312 homo,
442 3239 615 3314 generatur
647 3252 702 3297 ens
725 3234 818 3298 homo
853 3239 885 3297 et
917 3250 997 3296 unus
1029 3231 1131 3295 homo.
1185 3229 1271 3308 Ergo
1305 3238 1382 3294 sunt

103 3340 194 3403 idem.
216 3376 217 3380 =
240 3339 327 3426 Haec
358 3346 463 3404 autem
495 3341 637 3404 simultas
668 3341 761 3405 debet
785 3340 919 3421 intelligi
942 3357 1003 3402 non
1028 3337 1128 3401 solum
1157 3337 1195 3399 de
1219 3336 1383 3402 simultate

103 3433 264 3526 temporis,
299 3447 353 3510 sed
378 3447 472 3511 etiam
497 3453 638 3511 naturae.
685 3467 713 3527 p.
740 3451 789 3509 76:
814 3445 919 3509 Unum
942 3465 1005 3509 non
1028 3452 1075 3509 θεῖ
1093 3445 1181 3524 prius
1205 3444 1273 3524 ipso
1299 3449 1382 3524 ente,

103 3552 193 3616 sicuti
214 3553 368 3616 Platonici
392 3555 600 3634 prodiderunt
624 3553 674 3636 (cl.
700 3571 780 3633 quae
804 3571 901 3632 supra
925 3571 942 3616 e
964 3552 1039 3615 Pico
1052 3550 1272 3614 Mirandulano
1286 3547 1382 3614 attu-

103 3659 217 3740 limus).
232 3648 283 3724 Sic
306 3665 412 3724 autern
437 3666 635 3740 argutantur.
682 3660 747 3723 Ens
761 3667 942 3723 concretum
953 3664 1008 3722 θεῖ.
1055 3657 1161 3734 Quare
1184 3657 1382 3722 abstractum

102 3766 169 3846 ejus
193 3767 330 3846 eoprius
354 3767 430 3830 erit:
455 3766 632 3830 hocautom
658 3771 705 3829 est
730 3784 807 3844 esse,
831 3771 887 3829 aut
911 3766 1046 3829 essentia
1069 3770 1126 3836 aut
1150 3765 1273 3828 entitas.
1297 3762 1381 3839 Quid

101 3874 191 3936 tum?
216 3873 310 3950 Deus,
334 3873 489 3954 inquiunt,
513 3892 609 3936 unum
627 3878 682 3936 est.
730 3872 870 3938 AtDeus
895 3872 978 3936 solus
1002 3879 1050 3936 est
1075 3878 1106 3935 et
1129 3890 1197 3936 esse
1221 3875 1253 3934 et
1276 3887 1382 3934 essen-

100 3980 146 4043 tia
169 3999 224 4044 seu
249 3980 375 4044 entitas.
422 3978 527 4043 Unum
558 3979 659 4061 igitur
682 3980 856 4044 antecedet.
903 3979 961 4043 His
987 3998 1048 4043 non
1079 3980 1140 4043 alia
1168 3977 1383 4058 comparanda

97 4067 148 4150 θεῖ
172 4087 345 4167 responsio,
370 4105 464 4169 quam
490 4105 570 4168 quae
594 4087 655 4151 sita
679 4089 782 4152 estin
807 4087 899 4151 simili
924 4087 1107 4167 objectione.
1138 4086 1251 4150 Dicere
1275 4083 1383 4147 licebit

72 4189 199 4261 gratur:
218 4193 313 4256 Dens
335 4196 445 4260 unitas
469 4200 518 4261 est
543 4200 575 4262 et
600 4197 718 4283 entitas
742 4201 801 4262 est.
844 4195 884 4260 ln
911 4213 948 4258 eo
971 4199 1079 4258 eutem
1100 4193 1179 4256 nihil
1205 4191 1292 4271 prius
1323 4209 1384 4268 aut

43 4284 225 4360 posteritas,
281 4299 391 4377 Quum
417 4324 501 4391 ergo
527 4308 571 4375 sit
597 4310 684 4378 entis
710 4313 744 4376 et
766 4307 865 4374 unius
889 4297 1180 4384 aequalitasque
1201 4293 1394 4355 dicessum
