2834 4514
73 298 180 367 hhum
204 303 322 374 autem,
346 297 430 378 quod
453 296 517 360 tale
541 314 603 360 uon
634 303 690 376 est,
724 299 816 379 quale
845 297 935 361 nohis
965 299 1124 377 apparet.“
1171 296 1340 377 „Principi-

71 388 117 473 um
139 404 406 494 contradictionis
430 408 462 466 et
485 404 674 484 principium
698 405 831 469 rationis
861 401 1045 468 sufficientis
1075 409 1148 468 sunt
1177 404 1245 469 fons
1276 422 1341 468 om-

64 513 232 596 ·1‘n,qoae
256 509 405 575 daturin
437 509 540 588 rebus
570 511 723 589 veritatis,
754 510 812 575 hoc
843 516 899 588 cst,
929 510 1024 574 datur
1053 511 1084 574 in
1113 516 1185 576 ente
1216 511 1341 588 veritas,

72 625 225 703 quotenus
248 637 294 696 ea,
327 634 408 698 quae
431 617 546 694 insunt,
579 635 637 696 per
659 618 721 681 ista
752 617 906 698 principia
930 617 1208 682 determinantur.“
1254 617 1341 694 Quae

71 727 166 795 rerba
202 724 364 791 contraria
399 728 472 786 sunt
505 723 772 803 antecedentibus,
807 725 931 788 namsi
965 743 1019 788 ens
1050 725 1175 788 omnino
1199 724 1341 789 absolute

72 833 292 899 consideratur
315 831 410 894 etiam
434 847 538 893 sermo
563 848 717 894 essenon
741 836 864 912 postest
887 831 925 894 de
948 831 1103 912 principio
1122 830 1342 895 contradictio

71 942 114 1007 ois
136 943 197 1005 aut
219 938 352 1003 rationis
381 934 573 1016 sufficientis,
608 956 689 1017 quae
713 956 775 1001 nou
799 943 872 1002 sunt
899 938 959 1002 nisi
987 938 1019 1001 in
1057 938 1191 1001 homine.
1237 937 1340 1019 §502

71 1058 157 1113 suam
183 1053 217 1110 et
240 1044 499 1109 scholasticorum
524 1042 739 1124 definitionem
768 1063 955 1125 comparans
985 1044 1075 1108 dicit:
1121 1044 1232 1122 „Notio
1263 1045 1344 1108 veri-

71 1155 143 1220 tatis
163 1150 451 1218 transcendentalis
474 1168 528 1214 seu
553 1151 786 1233 metaphysioae
811 1151 965 1230 distincta,
990 1170 1084 1231 quam
1108 1151 1258 1230 dedimus,
1281 1169 1343 1215 non

73 1260 289 1328 contrariatur
312 1259 432 1322 notioni
455 1257 602 1321 confusae
637 1259 785 1339 ejusdem,
821 1277 901 1339 quae
932 1257 1133 1323 Scholasticis
1167 1258 1234 1321 luit
1279 1257 1343 1322 No-

71 1371 190 1434 tionem
213 1366 357 1431 veritatis
390 1365 624 1446 metaphysicae
649 1365 851 1430 Scholasticis
880 1383 942 1429 non
965 1364 1061 1429 fuisse
1087 1365 1146 1428 nisi
1170 1363 1339 1443 contusam,

71 1475 148 1544 sotis
172 1473 247 1537 inde
270 1471 465 1553 intelligitur,
496 1472 579 1552 quod
603 1491 673 1535 eam
697 1471 802 1536 verbis
833 1471 989 1552 explicare
1018 1473 1146 1536 minime
1173 1473 1344 1552 potuerint,

71 1583 131 1647 etsi
155 1579 366 1644 terminorum
391 1577 523 1660 penuria
546 1578 729 1659 neutiquam
753 1579 936 1642 laborarent
971 1575 1048 1662 (qua
1078 1579 1109 1642 in
1139 1596 1174 1642 re
1197 1577 1345 1642 Wollium

69 1705 180 1755 errare
204 1685 307 1767 patet)
331 1685 362 1747 iu
387 1685 471 1766 quod
495 1683 580 1748 haud
603 1684 699 1749 fallax
729 1703 766 1749 eo
795 1686 826 1748 in
857 1703 932 1748 casu
960 1685 1096 1749 notionis
1129 1684 1276 1750 confusae
1299 1687 1346 1749 in-

67 1796 184 1860 dicium
209 1797 265 1857 est.
310 1791 380 1855 Etsi
403 1797 509 1856 autem
531 1791 711 1855 distinctam
720 1791 864 1855 veritatis
881 1791 1162 1856 trensoeudentalis
1186 1793 1346 1857 notionem

68 1902 202 1967 tradere
225 1899 351 1962 minime
374 1898 545 1979 potuerint,
569 1917 607 1961 ea
618 1903 725 1961 tamen
738 1898 907 1975 tradidere,
932 1897 1181 1978 quaesuffieiunt
1199 1899 1240 1962 ad
1264 1898 1348 1963 evin-

67 2007 204 2073 cendam
228 2005 426 2069 identitatem
450 2005 585 2068 notionis
610 2004 776 2068 distinctae
800 2023 894 2084 quam
918 2023 975 2068 nos
1005 2005 1146 2096 dedimus
1175 2024 1246 2069 cum
1276 2024 1348 2070 eon-

70 2115 155 2194 iusa,
180 2112 359 2194 quaeipsis
382 2111 467 2175 fuitf‘

187 2237 268 2314 Quid
292 2235 440 2301 Wolfiani
471 2237 510 2301 de
533 2235 828 2300 transcendentibus
854 2235 1036 2317 judicarent
1065 2243 1121 2300 aut
1136 2265 1137 2268 ¹
1150 2257 1224 2302 unm
1252 2236 1348 2301 verbo

68 2347 136 2412 alio
171 2362 265 2408 sensu
299 2349 466 2407 uterentur
501 2343 591 2407 doleo
624 2362 674 2406 me
696 2342 851 2407 librorum
883 2343 990 2424 inopia
1023 2344 1208 2424 impeditum
1245 2343 1348 2411 fuisse,

69 2451 239 2535 quominus
263 2451 468 2532 exquirerem.
514 2449 614 2512 Unius
639 2447 758 2530 Georgi
782 2449 934 2514 Friderici
959 2449 1070 2514 Maiori
1094 2449 1346 2533 Metaphysicam

68 2559 229 2639 inspicere
252 2565 415 2638 poteram,
447 2557 478 2619 in
512 2575 574 2638 qua
597 2556 673 2619 nihil
708 2557 820 2620 inveni.
867 2557 936 2621 Alio
967 2558 1035 2621 loco
1060 2557 1148 2622 licuit
1179 2559 1349 2623 terminum

70 2665 196 2747 lougius
220 2665 382 2746 persequi,
407 2681 468 2745 quo
488 2664 554 2743 jam
578 2669 784 2728 revertamur.

183 2771 271 2836 Inter
294 2770 464 2835 Britannos
488 2771 571 2834 enim
594 2770 781 2835 Franciscus
805 2771 899 2851 Baro,
924 2779 1010 2836 certe
1033 2771 1137 2852 Vivis,
1167 2773 1255 2853 cujus
1278 2772 1350 2837 libri

71 2879 263 2959 compluries
286 2880 318 2941 in
341 2878 507 2942 Britannia
531 2878 733 2958 prodierunt,
764 2879 907 2959 exemplo
931 2879 1043 2944 ductus
1072 2879 1201 2944 liberius
1225 2876 1349 2943 nomine

71 2985 365 3050 transcendentium
398 2986 506 3049 utitur.
553 2983 651 3066 Cujus
685 2985 793 3063 verba,
829 3005 899 3049 cum
928 2987 1054 3050 omnino
1078 2991 1180 3050 totam
1214 2986 1275 3050 viri
1306 2986 1351 3049 in-

73 3090 179 3157 dolem
203 3098 234 3156 et
257 3093 416 3174 ingenium
441 3093 658 3156 demonstrent
682 3091 796 3156 afferre
819 3093 931 3173 placet.
958 3090 999 3172 ³⁵)
1017 3093 1095 3172 ,Est
1118 3099 1150 3157 et
1173 3093 1235 3157 alia
1258 3093 1351 3174 hujus

72 3198 296 3279 Philosophiae
320 3200 441 3280 primae
464 3217 557 3279 pam,
591 3216 672 3280 quae
695 3199 722 3261 si
752 3199 791 3263 ad
814 3199 968 3263 vocabula
1000 3200 1151 3280 respicias
1175 3207 1265 3264 vetus
1289 3206 1351 3277 est3

74 3306 103 3370 si
127 3306 167 3369 ad
191 3323 276 3384 rem,
310 3324 402 3386 quam
429 3306 630 3386 designamus
663 3324 753 3370 nova.
798 3305 857 3368 Est
892 3312 998 3370 autem
1021 3307 1181 3388 inquisitio
1216 3307 1255 3370 de
1279 3324 1350 3370 cou-

76 3413 247 3479 ditionibus
279 3413 458 3476 adventitiis
483 3413 601 3476 entium
632 3413 724 3494 (quas
748 3411 1019 3476 Transcendentes
1044 3414 1148 3478 dicere
1170 3401 1351 3497 possumus)

76 3521 191 3597 Pauc0,
215 3519 332 3597 Multo,
357 3518 476 3597 Simili,
500 3518 643 3597 Diverso,
667 3519 821 3596 Possibili,
845 3519 1052 3599 Impossibili,
1085 3521 1180 3585 etiam
1204 3521 1286 3584 Ente
1319 3527 1351 3585 et

76 3647 139 3693 non
162 3627 245 3691 Ente
269 3633 363 3708 atque
387 3627 548 3706 ejusmodi.
602 3613 865 3706 Quandoquidem
889 3626 951 3690 ista
985 3627 1042 3690 sub
1066 3627 1200 3710 Physica
1223 3628 1351 3708 proprie

77 3753 140 3799 non
164 3733 297 3813 cadant,
321 3733 501 3798 dissertatio
534 3739 641 3798 antem
673 3732 846 3797 Dialectica
877 3733 962 3797 circa
985 3751 1022 3798 ea
1053 3735 1153 3815 magis
1185 3734 1226 3798 ad
1259 3753 1352 3817 argn-

78 3831 240 3906 mentandi
263 3841 410 3918 rationes
435 3859 529 3921 quam
553 3841 593 3904 ad
617 3857 724 3904 rerum
749 3840 946 3904 existentiam
971 3841 1025 3904 ita·
1038 3841 1256 3920 accomodata,
1280 3860 1352 3906 con-

78 3954 262 4014 sentaneum
287 3949 412 4013 omnino
437 3953 542 4012 estut
566 3946 642 4011 haee
666 3946 890 4026 contemplatio
914 3948 959 4029 (in
990 3967 1058 4029 qua¹
1075 3968 1137 4013 uon
1166 3967 1280 4030 parum
1304 3953 1352 4013 est

184 4159 215 4227 θ’)
233 4159 296 4214 edit
316 4176 371 4228 qna
389 4175 475 4232 supra
493 4160 534 4216 usi
555 4175 647 4218 sumus
664 4178 693 4231 p.
711 4161 773 4215 bib.
