2968 4636
642 130 854 230 mn...

111 357 190 420 pure
219 338 251 402 in
275 339 402 404 notione
426 338 628 420 constitutus,
658 348 829 423 propterea
859 343 944 423 quod
967 341 1034 406 sine
1058 342 1121 406 ullo
1151 343 1253 408 medio
1278 361 1406 406 eonse-

112 449 229 526 quatur
251 463 315 510 ens

216 572 246 634 p.
276 557 343 632 100,
368 559 402 616 7:
427 551 551 618 Bonum
574 555 708 619 totidem
732 556 834 620 modis
858 556 973 621 dicitur
998 562 1074 636 quot
1098 575 1160 622 ens.
1206 555 1306 620 Arist.
1333 556 1358 622 l.
1386 557 1405 619 I

110 658 182 722 Eth.
208 664 235 723 6.
259 659 341 724 Nam
365 665 396 724 et
419 659 451 724 in
474 660 652 726 substantia
676 662 791 726 dicitur
814 663 932 727 bonum
955 667 990 726 ut
1014 661 1115 742 Deua,
1144 668 1176 727 et
1199 681 1304 741 meus,
1340 663 1403 744 qui

110 770 158 828 est
181 766 229 829 sui
253 767 531 832 communicativus
554 786 612 849 per
635 770 842 850 creationem
870 789 928 850 per
957 771 1110 852 gratiam,
1139 789 1195 851 per
1218 770 1402 834 incarnati-

111 893 201 940 onem
226 891 280 938 seu
305 873 460 954 unionem,
484 893 542 954 per
553 875 713 955 visionem,
737 895 792 940 seu
816 877 964 958 gloriam:
988 877 1020 940 in
1044 877 1197 958 qualitate
1214 881 1249 940 ut
1272 877 1399 953 virtus;

110 982 142 1044 in
165 999 202 1045 eo
228 981 311 1061 quod
335 985 383 1044 θεῖ
406 986 442 1044 ut
465 981 599 1064 aliquid3
634 983 833 1065 intempore
857 987 892 1046 ut
915 985 1037 1048 occasio
1061 990 1119 1048 ete.

218 1107 248 1169 p.
276 1093 345 1152 105:
369 1087 417 1152 Ill
428 1087 552 1154 Bonum
576 1094 624 1153 ost
636 1091 767 1171 propria
790 1091 895 1171 passio
919 1091 1010 1154 entis.
1054 1091 1177 1154 Bonum
1201 1091 1285 1155 enim
1310 1090 1397 1155 reoi-

109 1200 262 1277 procatur
294 1213 365 1258 oum
398 1200 470 1260 ente
500 1201 532 1260 et
563 1196 631 1278 ejus
661 1202 808 1262 naturam
832 1183 1017 1277 insequitur.
1064 1198 1144 1262 Nam
1179 1198 1263 1279 quod
1296 1215 1396 1260 omne

116 1321 171 1368 ens
205 1303 246 1366 sit
287 1302 427 1381 bonum,
456 1301 528 1366 hine
558 1303 681 1384 liquet,
716 1304 791 1386 quia
822 1305 907 1368 nulla
940 1323 992 1369 res
1028 1309 1076 1368 θεῖ
1112 1311 1395 1386 quantumcunque

111 1410 242 1490 exiguae
274 1409 431 1486 θηῖίῖθῖίε,
473 1425 554 1490 quae
588 1410 681 1475 alicui
719 1430 782 1475 non
815 1395 978 1492 congruat.
1025 1411 1116 1489 Quod
1151 1416 1258 1476 autem
1296 1429 1394 1474 omne

113 1518 230 1582 bonum
258 1517 299 1581 sit
336 1535 390 1582 ens
420 1516 492 1580 hino
522 1517 613 1583 facile
644 1519 809 1600 colligitur.
868 1517 950 1582 Nam
980 1519 1098 1583 bonum
1129 1517 1286 1600 signifieat
1316 1535 1393 1580 con-

109 1625 299 1690 venientiam
323 1625 493 1689 seeundum
518 1624 716 1690 existentiam
739 1625 857 1690 realem
881 1625 1079 1706 possibilem,
1112 1625 1179 1690 sola
1202 1643 1278 1689 vero
1304 1624 1392 1688 entia

109 1733 231 1813 possint
263 1732 399 1796 existere
430 1731 576 1812 realiter,
607 1733 810 1815 perspicuum
843 1739 907 1812 est,
946 1751 1039 1798 omne
1071 1733 1188 1797 bonum
1222 1750 1289 1796 θεεθ
1324 1748 1390 1794 θθε.

110 1840 153 1903 Εῖ
182 1839 249 1920 ipse
273 1837 370 1903 Arist.
393 1838 412 1902 l.
436 1837 450 1902 l
473 1837 545 1902 Eth.
569 1857 637 1920 cap.
663 1845 680 1904 6
706 1839 765 1904 hoc
788 1840 892 1920 ipsum
916 1841 1025 1920 docet,
1048 1859 1120 1904 eum
1144 1839 1233 1904 dicit:
1264 1839 1388 1902 Bonum

111 1953 142 2010 θῖ
166 1965 221 2011 ens
252 1963 351 2028 aeque
374 1946 438 2010 late
461 1950 581 2026 patere.
627 1944 718 2024 Quod
749 1946 883 2029 denique
905 1946 1022 2012 bonum
1046 1965 1129 2026 esse,
1159 1950 1310 2028 sequatur
1333 1962 1388 2008 na-

110 2059 216 2117 turam
245 2053 343 2131 entiS‚
376 2072 414 2118 ex
444 2071 481 2118 eo
510 2057 615 2134 patet,
648 2053 722 2134 quia
746 2054 963 2119 convenientia
985 2073 1092 2118 rerum
1124 2054 1155 2116 in
1179 2054 1248 2134 ipsa
1279 2069 1386 2116 rerum

111 2161 243 2224 entitate
275 2159 433 2226 fundatur.
478 2179 508 2242 p.
545 2165 615 2224 106:
639 2159 699 2224 Vll
733 2160 861 2225 Nullum
895 2179 949 2224 ens
973 2166 1078 2242 potest
1112 2161 1172 2224 diei
1206 2160 1325 2224 malum
1353 2158 1385 2220 in

111 2273 263 2350 quantum
286 2285 340 2331 ens
363 2273 420 2346 est,
444 2267 499 2331 sed
522 2267 555 2330 in
578 2272 730 2348 quantum
754 2272 842 2333 caret
865 2268 1001 2350 quodam
1025 2269 1121 2358 θεεθῆι

215 2373 260 2438 Ut
283 2373 487 2438 sententiam:
521 2391 612 2438 omne
647 2392 701 2438 ens
730 2373 847 2438 bonum
871 2392 953 2454 osse,
983 2373 1130 2438 fulcirent
1159 2373 1212 2438 alii
1241 2373 1288 2436 usi
1312 2376 1383 2435 sunt

111 2481 278 2560 Gemmeus,
303 2481 397 2562 capl
420 2499 522 2560 versu,
547 2499 609 2562 quo
631 2481 745 2546 dieitur
765 2483 857 2546 doum
873 2481 1046 2563 inspexisse
1071 2485 1102 2546 θῖ
1120 2481 1203 2545 bona
1222 2480 1378 2560 judicasse

111 2587 251 2665 Quorum
276 2607 293 2653 e
315 2605 446 2652 numero
470 2587 635 2652 nonnullos
658 2586 772 2653 afferre
795 2589 879 2654 libet.

217 2695 454 2760 Litomislenus:
478 2693 654 2777 Metaphys.
678 2715 708 2776 p.
733 2700 791 2759 25:

217 2802 358 2882 „Bonum
393 2801 560 2868 essentiale
584 2807 632 2868 θεῖ
666 2803 716 2868 vel
738 2804 1023 2883 transcendentala
1059 2795 1183 2868 affectio
1219 2801 1306 2879 entis,
1339 2799 1380 2862 sic

111 2909 216 2973 omnia
239 2909 322 2973 bona
345 2909 493 2973 dicuntur
516 2907 676 2975 Geneseos
699 2909 714 2974 l
738 2911 857 2992 eapite:
881 2911 931 2976 vel
954 2910 1108 2989 naturale,
1140 2909 1224 2991 quod
1254 2919 1378 2972 naturae

114 3016 268 3094 convenit,
290 3021 326 3079 ut
349 3035 433 3098 aqua
455 3016 560 3096 pisoi.“
605 3017 865 3083 Keckermannus
878 3015 918 3100 a)
941 3019 957 3082 Ι
979 3038 1008 3099 p.
1034 3023 1135 3083 2018:

218 3122 358 3201 „Bonum
382 3128 413 3186 θῖ
436 3122 502 3188 Ens
535 3130 772 3204 convertuntur,
804 3126 837 3190 io
861 3131 916 3203 est,
940 3132 1112 3206 propterea
1145 3122 1301 3204 quaelibet
1330 3140 1377 3184 res
1445 3131 1446 3138 ’

112 3213 194 3277 bona
217 3217 265 3276 θεῖ
289 3213 362 3293 quia
386 3213 554 3278 essentiam
578 3213 682 3278 habet.
729 3213 849 3280 Contra
871 3233 946 3278 vero
975 3233 1066 3280 omne
1089 3212 1248 3277 non-Ens
1270 3211 1375 3275 malum
1445 3275 1446 3290 ¹

115 3325 172 3399 est,
198 3320 271 3401 quia
295 3321 464 3384 essentiam
486 3339 549 3385 non
572 3321 676 3386 habet.
723 3321 805 3386 Hine
833 3322 1019 3404 intelligitur
1049 3312 1090 3384 id'
1110 3319 1193 3401 quod
1222 3324 1305 3383 extat
1326 3318 1376 3382 sub
1445 3327 1446 3404 ξ

111 3427 204 3492 finem
229 3427 326 3508 eapl
350 3424 525 3492 Geneseos:
549 3429 628 3493 vidit
650 3429 747 3510 Deus,
771 3449 852 3512 quae
876 3429 995 3494 fecerat
1019 3434 1052 3492 et
1073 3445 1145 3492 ecee
1169 3431 1260 3490 erant
1283 3425 1374 3490 omnia

54 3599 57 3606 ,
112 3535 203 3598 valde
227 3534 319 3613 bona,
342 3534 396 3598 ubi
421 3533 586 3616 Scriptura
609 3555 671 3601 non
701 3538 842 3619 loquitur
874 3539 913 3601 de
947 3537 1089 3602 bonitate
1120 3535 1170 3599 vol
1201 3533 1310 3598 morali
1330 3533 1373 3596 vel
1445 3519 1446 3546 ¹

111 3641 269 3722 spirituali
292 3641 380 3724 (nam
394 3642 532 3722 eoelum,
556 3648 644 3708 terra
668 3649 699 3708 et
723 3645 784 3710 alia
818 3645 1000 3723 inanimata,
1024 3648 1059 3707 ut
1090 3643 1185 3708 etiam
1204 3641 1295 3722 plura
1315 3639 1372 3702 ani-

111 3753 207 3827 mata,
230 3766 343 3829 nempe
366 3748 494 3830 plantae
518 3755 549 3814 θῖ
573 3750 694 3816 bestiae
717 3769 775 3816 nee
798 3752 964 3816 moraliter
986 3769 1044 3815 neo
1074 3749 1280 3832 spiritualiter
1301 3748 1371 3811 bona

110 3852 217 3947 erant)
243 3855 299 3920 sed
322 3855 464 3936 loquitur
488 3856 527 3921 de
549 3856 692 3923 bonitate
715 3858 774 3924 hac
798 3857 1038 3941 Methaphysiea
1062 3864 1093 3923 et
1116 3857 1184 3920 vult
1207 3853 1369 3938 significare

110 3980 218 4026 omnes
237 3967 401 4027 creaturas
419 3961 514 4028 fuisse
536 3963 634 4030 bonas
646 3965 788 4030 bonitate
806 3967 975 4031 essentiae:
1000 3967 1074 4047 quia
1091 3983 1205 4046 nempe
1217 3962 1367 4028 essentiam

113 4091 135 4096 '⁵
144 4090 468 4189 ‘3⁴sma‘rtholomaai
476 4120 674 4176 lleelrermanni
684 4128 730 4177 θῖθ,
742 4139 855 4194 operum
865 4125 993 4194 omnium,
1002 4140 1070 4192 quae
1077 4090 1229 4193 supersunt.
1240 4120 1316 4177 toml
1325 4119 1365 4175 Ge-

149 4221 193 4266 -εθ
213 4212 290 4266 1614.
