<?xml version="1.0" encoding="UTF-8"?>
<!DOCTYPE html PUBLIC "-//W3C//DTD XHTML 1.0 Transitional//EN"
    "http://www.w3.org/TR/xhtml1/DTD/xhtml1-transitional.dtd">
<html xmlns="http://www.w3.org/1999/xhtml" xml:lang="en" lang="en">
 <head>
  <title>
</title>
<meta http-equiv="Content-Type" content="text/html;charset=utf-8" />
  <meta name='ocr-system' content='tesseract 3.04.00' />
  <meta name='ocr-capabilities' content='ocr_page ocr_carea ocr_par ocr_line ocrx_word'/>
</head>
<body>
  <div class='ocr_page' id='page_1' title='image "./deoriginetermin00schmgoog_0029.png"; bbox 0 0 2968 4636; ppageno 0'>
   <div class='ocr_carea' id='block_1_1' title="bbox 103 201 1386 1022">
    <p class='ocr_par' dir='ltr' id='par_1_1' title="bbox 103 201 1386 1022">
     <span class='ocr_line' id='line_1_1' title="bbox 639 201 849 299; baseline 0.005 -1"><span class='ocrx_word' id='word_1_1' title='bbox 639 201 849 299; x_wconf 37' lang='lat' dir='ltr'><strong>..altam</strong></span> 
     </span>
     <span class='ocr_line' id='line_1_2' title="bbox 103 407 1384 492; baseline -0.003 -19"><span class='ocrx_word' id='word_1_2' title='bbox 103 415 202 490; x_wconf 91' lang='lat' dir='ltr'><strong>ponat</strong></span> <span class='ocrx_word' id='word_1_3' title='bbox 233 409 282 474; x_wconf 83' lang='lat' dir='ltr'><strong>vel</strong></span> <span class='ocrx_word' id='word_1_4' title='bbox 304 407 398 472; x_wconf 82' lang='lat' dir='ltr'><strong>tollat</strong></span> <span class='ocrx_word' id='word_1_5' title='bbox 428 409 565 473; x_wconf 89' lang='lat' dir='ltr'><strong>alterum</strong></span> <span class='ocrx_word' id='word_1_6' title='bbox 595 415 628 473; x_wconf 93' lang='lat' dir='ltr'><strong>et</strong></span> <span class='ocrx_word' id='word_1_7' title='bbox 650 430 748 475; x_wconf 91' lang='lat' dir='ltr'><strong>unum</strong></span> <span class='ocrx_word' id='word_1_8' title='bbox 771 430 830 492; x_wconf 88' lang='lat' dir='ltr'><strong>per</strong></span> <span class='ocrx_word' id='word_1_9' title='bbox 852 411 987 475; x_wconf 91' lang='lat' dir='ltr'><strong>alterum</strong></span> <span class='ocrx_word' id='word_1_10' title='bbox 1016 407 1193 486; x_wconf 83' lang='lat' dir='ltr'><strong>definiatur,</strong></span> <span class='ocrx_word' id='word_1_11' title='bbox 1223 407 1309 488; x_wconf 91' lang='lat' dir='ltr'><strong>quod</strong></span> <span class='ocrx_word' id='word_1_12' title='bbox 1334 412 1384 470; x_wconf 87' lang='lat' dir='ltr'><strong>est</strong></span> 
     </span>
     <span class='ocr_line' id='line_1_3' title="bbox 105 515 1211 598; baseline 0 -20"><span class='ocrx_word' id='word_1_13' title='bbox 105 516 238 580; x_wconf 87' lang='lat' dir='ltr'><strong>rationis</strong></span> <span class='ocrx_word' id='word_1_14' title='bbox 261 515 566 596; x_wconf 87' lang='lat' dir='ltr'><strong>praedicamentalis.</strong></span> <span class='ocrx_word' id='word_1_15' title='bbox 611 515 844 596; x_wconf 78' lang='lat' dir='ltr'><strong>LitomislenuS,</strong></span> <span class='ocrx_word' id='word_1_16' title='bbox 867 516 1006 598; x_wconf 88' lang='lat' dir='ltr'><strong>Metaph.</strong></span> <span class='ocrx_word' id='word_1_17' title='bbox 1030 535 1060 596; x_wconf 94' lang='lat' dir='ltr'><strong>p.</strong></span> <span class='ocrx_word' id='word_1_18' title='bbox 1085 522 1136 594; x_wconf 84' lang='lat'><strong>50,</strong></span> <span class='ocrx_word' id='word_1_19' title='bbox 1160 521 1211 578; x_wconf 85' lang='lat'><strong>51.</strong></span> 
     </span>
     <span class='ocr_line' id='line_1_4' title="bbox 210 621 1385 706; baseline -0.003 -20"><span class='ocrx_word' id='word_1_20' title='bbox 210 622 379 701; x_wconf 84' lang='lat' dir='ltr'><strong>Alstediue‚</strong></span> <span class='ocrx_word' id='word_1_21' title='bbox 411 621 562 704; x_wconf 87' lang='lat' dir='ltr'><strong>Encylop.</strong></span> <span class='ocrx_word' id='word_1_22' title='bbox 594 623 642 686; x_wconf 89' lang='grc' dir='ltr'><strong>ΠΙ</strong></span> <span class='ocrx_word' id='word_1_23' title='bbox 673 643 703 706; x_wconf 90' lang='lat' dir='ltr'><strong>p.</strong></span> <span class='ocrx_word' id='word_1_24' title='bbox 737 629 809 688; x_wconf 85' lang='lat'>626.</span> <span class='ocrx_word' id='word_1_25' title='bbox 862 623 1063 700; x_wconf 79' lang='lat' dir='ltr'><strong>„Relationes</strong></span> <span class='ocrx_word' id='word_1_26' title='bbox 1093 622 1217 684; x_wconf 84' lang='lat' dir='ltr'><strong>divinae</strong></span> <span class='ocrx_word' id='word_1_27' title='bbox 1249 637 1385 700; x_wconf 86' lang='lat' dir='ltr'><strong>prorsus</strong></span> 
     </span>
     <span class='ocr_line' id='line_1_5' title="bbox 104 727 1384 810; baseline -0.002 -18"><span class='ocrx_word' id='word_1_28' title='bbox 104 747 167 792; x_wconf 91' lang='lat' dir='ltr'><strong>nou</strong></span> <span class='ocrx_word' id='word_1_29' title='bbox 191 728 364 792; x_wconf 87' lang='lat' dir='ltr'><strong>collocatur</strong></span> <span class='ocrx_word' id='word_1_30' title='bbox 386 729 418 792; x_wconf 91' lang='lat' dir='ltr'><strong>in</strong></span> <span class='ocrx_word' id='word_1_31' title='bbox 441 727 502 792; x_wconf 89' lang='lat' dir='ltr'><strong>hoc</strong></span> <span class='ocrx_word' id='word_1_32' title='bbox 513 730 780 810; x_wconf 87' lang='lat' dir='ltr'><strong>praedicamento,</strong></span> <span class='ocrx_word' id='word_1_33' title='bbox 803 731 885 794; x_wconf 85' lang='lat' dir='ltr'><strong>sicut</strong></span> <span class='ocrx_word' id='word_1_34' title='bbox 902 749 958 794; x_wconf 91' lang='lat' dir='ltr'><strong>nec</strong></span> <span class='ocrx_word' id='word_1_35' title='bbox 977 729 1058 793; x_wconf 88' lang='lat' dir='ltr'><strong>aliae</strong></span> <span class='ocrx_word' id='word_1_36' title='bbox 1074 727 1384 792; x_wconf 85' lang='lat' dir='ltr'><strong>transcendentales:</strong></span> 
     </span>
     <span class='ocr_line' id='line_1_6' title="bbox 103 832 1386 918; baseline -0.003 -19"><span class='ocrx_word' id='word_1_37' title='bbox 103 835 206 900; x_wconf 88' lang='lat' dir='ltr'><strong>relata</strong></span> <span class='ocrx_word' id='word_1_38' title='bbox 228 835 361 900; x_wconf 89' lang='lat' dir='ltr'><strong>rationis</strong></span> <span class='ocrx_word' id='word_1_39' title='bbox 376 832 416 916; x_wconf 81' lang='lat'><strong>²⁹)</strong></span> <span class='ocrx_word' id='word_1_40' title='bbox 440 841 472 899; x_wconf 91' lang='lat' dir='ltr'><strong>et</strong></span> <span class='ocrx_word' id='word_1_41' title='bbox 494 835 547 899; x_wconf 90' lang='lat' dir='ltr'><strong>illa</strong></span> <span class='ocrx_word' id='word_1_42' title='bbox 570 837 740 900; x_wconf 88' lang='lat' dir='ltr'><strong>seeundum</strong></span> <span class='ocrx_word' id='word_1_43' title='bbox 765 837 826 900; x_wconf 87' lang='lat' dir='ltr'><strong>dici</strong></span> <span class='ocrx_word' id='word_1_44' title='bbox 850 836 911 900; x_wconf 92' lang='lat' dir='ltr'><strong>huc</strong></span> <span class='ocrx_word' id='word_1_45' title='bbox 934 837 1097 918; x_wconf 84' lang='lat' dir='ltr'><strong>pertinent</strong></span> <span class='ocrx_word' id='word_1_46' title='bbox 1128 833 1315 898; x_wconf 89' lang='lat' dir='ltr'><strong>secundario</strong></span> <span class='ocrx_word' id='word_1_47' title='bbox 1349 839 1386 896; x_wconf 91' lang='lat' dir='ltr'><strong>et</strong></span> 
     </span>
     <span class='ocr_line' id='line_1_7' title="bbox 105 942 340 1022; baseline -0.004 -16"><span class='ocrx_word' id='word_1_48' title='bbox 105 959 164 1022; x_wconf 89' lang='lat' dir='ltr'><strong>per</strong></span> <span class='ocrx_word' id='word_1_49' title='bbox 186 942 340 1007; x_wconf 86' lang='lat' dir='ltr'><strong>accidens.</strong></span> 
     </span>
    </p>
   </div>
   <div class='ocr_carea' id='block_1_2' title="bbox 103 1064 1387 2416">
    <p class='ocr_par' dir='ltr' id='par_1_2' title="bbox 103 1064 1387 2416">
     <span class='ocr_line' id='line_1_8' title="bbox 211 1064 1384 1132; baseline -0.003 -2"><span class='ocrx_word' id='word_1_50' title='bbox 211 1066 393 1130; x_wconf 89' lang='lat' dir='ltr'><strong>Relationes</strong></span> <span class='ocrx_word' id='word_1_51' title='bbox 415 1068 706 1131; x_wconf 88' lang='lat' dir='ltr'><strong>transcendentales</strong></span> <span class='ocrx_word' id='word_1_52' title='bbox 729 1074 803 1131; x_wconf 89' lang='lat' dir='ltr'><strong>sunt</strong></span> <span class='ocrx_word' id='word_1_53' title='bbox 825 1068 875 1132; x_wconf 89' lang='lat' dir='ltr'><strong>vel</strong></span> <span class='ocrx_word' id='word_1_54' title='bbox 900 1068 1024 1131; x_wconf 89' lang='lat' dir='ltr'><strong>divinae</strong></span> <span class='ocrx_word' id='word_1_55' title='bbox 1047 1067 1096 1130; x_wconf 88' lang='lat' dir='ltr'><strong>vel</strong></span> <span class='ocrx_word' id='word_1_56' title='bbox 1119 1071 1255 1130; x_wconf 77' lang='lat' dir='ltr'>creatae.</span> <span class='ocrx_word' id='word_1_57' title='bbox 1300 1064 1384 1128; x_wconf 91' lang='lat' dir='ltr'><strong>Illae</strong></span> 
     </span>
     <span class='ocr_line' id='line_1_9' title="bbox 109 1170 1386 1255; baseline -0.002 -18"><span class='ocrx_word' id='word_1_58' title='bbox 109 1177 184 1238; x_wconf 89' lang='lat' dir='ltr'><strong>sunt</strong></span> <span class='ocrx_word' id='word_1_59' title='bbox 206 1172 431 1238; x_wconf 81' lang='lat' dir='ltr'><strong>substantiales</strong></span> <span class='ocrx_word' id='word_1_60' title='bbox 454 1179 488 1237; x_wconf 91' lang='lat' dir='ltr'><strong>et</strong></span> <span class='ocrx_word' id='word_1_61' title='bbox 518 1171 668 1255; x_wconf 77' lang='lat' dir='ltr'><strong>infinitae,</strong></span> <span class='ocrx_word' id='word_1_62' title='bbox 692 1174 826 1255; x_wconf 89' lang='lat' dir='ltr'><strong>ideoque</strong></span> <span class='ocrx_word' id='word_1_63' title='bbox 858 1192 920 1237; x_wconf 93' lang='lat' dir='ltr'><strong>non</strong></span> <span class='ocrx_word' id='word_1_64' title='bbox 944 1179 1019 1238; x_wconf 87' lang='lat' dir='ltr'><strong>sunt</strong></span> <span class='ocrx_word' id='word_1_65' title='bbox 1042 1173 1243 1238; x_wconf 87' lang='lat' dir='ltr'><strong>collocandae</strong></span> <span class='ocrx_word' id='word_1_66' title='bbox 1266 1172 1298 1234; x_wconf 91' lang='lat' dir='ltr'><strong>in</strong></span> <span class='ocrx_word' id='word_1_67' title='bbox 1322 1170 1386 1234; x_wconf 89' lang='lat' dir='ltr'><strong>hac</strong></span> 
     </span>
     <span class='ocr_line' id='line_1_10' title="bbox 104 1279 1387 1362; baseline -0.003 -18"><span class='ocrx_word' id='word_1_68' title='bbox 104 1281 274 1362; x_wconf 84' lang='lat' dir='ltr'>categoria.</span> <span class='ocrx_word' id='word_1_69' title='bbox 320 1279 390 1345; x_wconf 91' lang='lat' dir='ltr'><strong>Hae</strong></span> <span class='ocrx_word' id='word_1_70' title='bbox 413 1287 486 1344; x_wconf 90' lang='lat' dir='ltr'><strong>suut</strong></span> <span class='ocrx_word' id='word_1_71' title='bbox 508 1279 616 1344; x_wconf 84' lang='lat' dir='ltr'><strong>finitae</strong></span> <span class='ocrx_word' id='word_1_72' title='bbox 640 1287 672 1344; x_wconf 91' lang='lat' dir='ltr'><strong>et</strong></span> <span class='ocrx_word' id='word_1_73' title='bbox 695 1281 905 1345; x_wconf 76' lang='lat' dir='ltr'><strong>essentialiter</strong></span> <span class='ocrx_word' id='word_1_74' title='bbox 935 1286 1119 1361; x_wconf 86' lang='lat' dir='ltr'><strong>competunt</strong></span> <span class='ocrx_word' id='word_1_75' title='bbox 1148 1279 1243 1343; x_wconf 90' lang='lat' dir='ltr'><strong>rebus</strong></span> <span class='ocrx_word' id='word_1_76' title='bbox 1278 1279 1387 1342; x_wconf 85' lang='lat' dir='ltr'><strong>diver-</strong></span> 
     </span>
     <span class='ocr_line' id='line_1_11' title="bbox 104 1387 1386 1469; baseline -0.004 -17"><span class='ocrx_word' id='word_1_77' title='bbox 104 1405 210 1452; x_wconf 86' lang='lat' dir='ltr'><strong>sorum</strong></span> <span class='ocrx_word' id='word_1_78' title='bbox 235 1387 578 1468; x_wconf 65' lang='lat' dir='ltr'><strong>praedicamentorum</strong></span> <span class='ocrx_word' id='word_1_79' title='bbox 601 1387 734 1468; x_wconf 90' lang='lat' dir='ltr'><strong>ideoque</strong></span> <span class='ocrx_word' id='word_1_80' title='bbox 758 1389 789 1451; x_wconf 92' lang='lat' dir='ltr'><strong>in</strong></span> <span class='ocrx_word' id='word_1_81' title='bbox 813 1407 875 1452; x_wconf 91' lang='lat' dir='ltr'><strong>uno</strong></span> <span class='ocrx_word' id='word_1_82' title='bbox 899 1389 1008 1469; x_wconf 90' lang='lat' dir='ltr'><strong>aliquo</strong></span> <span class='ocrx_word' id='word_1_83' title='bbox 1038 1388 1294 1468; x_wconf 88' lang='lat' dir='ltr'><strong>praedicamento</strong></span> <span class='ocrx_word' id='word_1_84' title='bbox 1318 1403 1386 1448; x_wconf 90' lang='lat' dir='ltr'><strong>uon</strong></span> 
     </span>
     <span class='ocr_line' id='line_1_12' title="bbox 103 1491 1384 1576; baseline -0.002 -18"><span class='ocrx_word' id='word_1_85' title='bbox 103 1500 236 1576; x_wconf 88' lang='lat' dir='ltr'><strong>possunt</strong></span> <span class='ocrx_word' id='word_1_86' title='bbox 270 1494 388 1558; x_wconf 90' lang='lat' dir='ltr'><strong>habere</strong></span> <span class='ocrx_word' id='word_1_87' title='bbox 422 1494 533 1558; x_wconf 87' lang='lat' dir='ltr'><strong>locum.</strong></span> <span class='ocrx_word' id='word_1_88' title='bbox 580 1493 695 1571; x_wconf 83' lang='lat' dir='ltr'><strong>Quales</strong></span> <span class='ocrx_word' id='word_1_89' title='bbox 730 1499 803 1558; x_wconf 90' lang='lat' dir='ltr'><strong>sunt</strong></span> <span class='ocrx_word' id='word_1_90' title='bbox 834 1500 998 1576; x_wconf 88' lang='lat' dir='ltr'><strong>respectus</strong></span> <span class='ocrx_word' id='word_1_91' title='bbox 1032 1493 1143 1557; x_wconf 89' lang='lat' dir='ltr'><strong>inclusi</strong></span> <span class='ocrx_word' id='word_1_92' title='bbox 1176 1494 1207 1556; x_wconf 91' lang='lat' dir='ltr'><strong>iu</strong></span> <span class='ocrx_word' id='word_1_93' title='bbox 1242 1491 1384 1556; x_wconf 89' lang='lat' dir='ltr'><strong>essentia</strong></span> 
     </span>
     <span class='ocr_line' id='line_1_13' title="bbox 104 1599 1385 1682; baseline -0.002 -17"><span class='ocrx_word' id='word_1_94' title='bbox 104 1601 271 1682; x_wconf 90' lang='lat' dir='ltr'><strong>cujuslibet</strong></span> <span class='ocrx_word' id='word_1_95' title='bbox 294 1601 474 1679; x_wconf 81' lang='lat' dir='ltr'><strong>accidentis,</strong></span> <span class='ocrx_word' id='word_1_96' title='bbox 498 1619 556 1682; x_wconf 84' lang='lat' dir='ltr'><strong>per</strong></span> <span class='ocrx_word' id='word_1_97' title='bbox 580 1619 658 1682; x_wconf 90' lang='lat' dir='ltr'><strong>quos</strong></span> <span class='ocrx_word' id='word_1_98' title='bbox 681 1603 847 1666; x_wconf 90' lang='lat' dir='ltr'><strong>ordinatur</strong></span> <span class='ocrx_word' id='word_1_99' title='bbox 875 1602 915 1666; x_wconf 93' lang='lat' dir='ltr'><strong>ad</strong></span> <span class='ocrx_word' id='word_1_100' title='bbox 939 1601 1123 1681; x_wconf 77' lang='lat' dir='ltr'><strong>subjectum,</strong></span> <span class='ocrx_word' id='word_1_101' title='bbox 1147 1601 1197 1664; x_wconf 89' lang='lat' dir='ltr'><strong>cui</strong></span> <span class='ocrx_word' id='word_1_102' title='bbox 1214 1599 1385 1662; x_wconf 91' lang='lat' dir='ltr'><strong>inhaerere</strong></span> 
     </span>
     <span class='ocr_line' id='line_1_14' title="bbox 103 1707 1384 1788; baseline -0.003 -15"><span class='ocrx_word' id='word_1_103' title='bbox 103 1714 213 1788; x_wconf 91' lang='lat' dir='ltr'><strong>aptum</strong></span> <span class='ocrx_word' id='word_1_104' title='bbox 256 1713 312 1772; x_wconf 80' lang='lat' dir='ltr'><strong>eat.</strong></span> <span class='ocrx_word' id='word_1_105' title='bbox 368 1707 449 1772; x_wconf 87' lang='lat' dir='ltr'><strong>Sane</strong></span> <span class='ocrx_word' id='word_1_106' title='bbox 490 1725 560 1771; x_wconf 90' lang='lat' dir='ltr'><strong>cum</strong></span> <span class='ocrx_word' id='word_1_107' title='bbox 595 1708 890 1788; x_wconf 85' lang='lat' dir='ltr'><strong>praedicamentum</strong></span> <span class='ocrx_word' id='word_1_108' title='bbox 932 1709 1092 1772; x_wconf 91' lang='lat' dir='ltr'><strong>contineat</strong></span> <span class='ocrx_word' id='word_1_109' title='bbox 1136 1707 1384 1772; x_wconf 88' lang='lat' dir='ltr'><strong>determinatum</strong></span> 
     </span>
     <span class='ocr_line' id='line_1_15' title="bbox 105 1813 1385 1897; baseline -0.003 -18"><span class='ocrx_word' id='word_1_110' title='bbox 105 1814 230 1880; x_wconf 86' lang='lat' dir='ltr'><strong>essendi</strong></span> <span class='ocrx_word' id='word_1_111' title='bbox 253 1814 391 1892; x_wconf 80' lang='lat' dir='ltr'><strong>modum,</strong></span> <span class='ocrx_word' id='word_1_112' title='bbox 414 1819 449 1877; x_wconf 91' lang='lat' dir='ltr'><strong>ut</strong></span> <span class='ocrx_word' id='word_1_113' title='bbox 472 1813 650 1879; x_wconf 88' lang='lat' dir='ltr'><strong>substantia</strong></span> <span class='ocrx_word' id='word_1_114' title='bbox 673 1815 801 1879; x_wconf 91' lang='lat' dir='ltr'><strong>modum</strong></span> <span class='ocrx_word' id='word_1_115' title='bbox 824 1816 947 1879; x_wconf 87' lang='lat' dir='ltr'><strong>essendi</strong></span> <span class='ocrx_word' id='word_1_116' title='bbox 970 1833 1029 1896; x_wconf 87' lang='lat' dir='ltr'><strong>per</strong></span> <span class='ocrx_word' id='word_1_117' title='bbox 1056 1833 1100 1893; x_wconf 88' lang='lat' dir='ltr'><strong>se,</strong></span> <span class='ocrx_word' id='word_1_118' title='bbox 1130 1814 1290 1897; x_wconf 85' lang='lat' dir='ltr'><strong>quantitas</strong></span> <span class='ocrx_word' id='word_1_119' title='bbox 1313 1831 1385 1876; x_wconf 92' lang='lat' dir='ltr'><strong>mo-</strong></span> 
     </span>
     <span class='ocr_line' id='line_1_16' title="bbox 104 1919 1386 1988; baseline -0.005 0"><span class='ocrx_word' id='word_1_120' title='bbox 104 1925 181 1988; x_wconf 92' lang='lat' dir='ltr'><strong>dum</strong></span> <span class='ocrx_word' id='word_1_121' title='bbox 204 1923 395 1988; x_wconf 85' lang='lat' dir='ltr'><strong>extensionis</strong></span> <span class='ocrx_word' id='word_1_122' title='bbox 418 1929 450 1986; x_wconf 91' lang='lat' dir='ltr'><strong>et</strong></span> <span class='ocrx_word' id='word_1_123' title='bbox 473 1941 548 1986; x_wconf 89' lang='lat' dir='ltr'><strong>vero</strong></span> <span class='ocrx_word' id='word_1_124' title='bbox 572 1924 799 1988; x_wconf 89' lang='lat' dir='ltr'><strong>transcendens</strong></span> <span class='ocrx_word' id='word_1_125' title='bbox 822 1942 885 1988; x_wconf 92' lang='lat' dir='ltr'><strong>non</strong></span> <span class='ocrx_word' id='word_1_126' title='bbox 916 1925 957 1987; x_wconf 90' lang='lat' dir='ltr'><strong>sit</strong></span> <span class='ocrx_word' id='word_1_127' title='bbox 980 1924 1225 1988; x_wconf 86' lang='lat' dir='ltr'><strong>determinatum</strong></span> <span class='ocrx_word' id='word_1_128' title='bbox 1253 1919 1294 1984; x_wconf 91' lang='lat' dir='ltr'><strong>ad</strong></span> <span class='ocrx_word' id='word_1_129' title='bbox 1325 1919 1386 1982; x_wconf 89' lang='lat' dir='ltr'><strong>ali-</strong></span> 
     </span>
     <span class='ocr_line' id='line_1_17' title="bbox 105 2027 1385 2112; baseline -0.004 -18"><span class='ocrx_word' id='word_1_130' title='bbox 105 2049 199 2112; x_wconf 85' lang='lat' dir='ltr'><strong>quem</strong></span> <span class='ocrx_word' id='word_1_131' title='bbox 223 2029 350 2093; x_wconf 92' lang='lat' dir='ltr'><strong>modum</strong></span> <span class='ocrx_word' id='word_1_132' title='bbox 375 2030 498 2094; x_wconf 90' lang='lat' dir='ltr'><strong>essendi</strong></span> <span class='ocrx_word' id='word_1_133' title='bbox 520 2030 576 2094; x_wconf 91' lang='lat' dir='ltr'><strong>sed</strong></span> <span class='ocrx_word' id='word_1_134' title='bbox 599 2030 845 2112; x_wconf 86' lang='lat' dir='ltr'><strong>comprehendat</strong></span> <span class='ocrx_word' id='word_1_135' title='bbox 853 2033 982 2096; x_wconf 91' lang='lat' dir='ltr'><strong>multos:</strong></span> <span class='ocrx_word' id='word_1_136' title='bbox 1010 2049 1073 2094; x_wconf 92' lang='lat' dir='ltr'><strong>non</strong></span> <span class='ocrx_word' id='word_1_137' title='bbox 1102 2033 1209 2110; x_wconf 91' lang='lat' dir='ltr'><strong>potest</strong></span> <span class='ocrx_word' id='word_1_138' title='bbox 1232 2027 1273 2092; x_wconf 90' lang='lat' dir='ltr'><strong>ad</strong></span> <span class='ocrx_word' id='word_1_139' title='bbox 1309 2043 1385 2106; x_wconf 90' lang='lat' dir='ltr'><strong>spe-</strong></span> 
     </span>
     <span class='ocr_line' id='line_1_18' title="bbox 105 2133 1385 2218; baseline -0.005 -17"><span class='ocrx_word' id='word_1_140' title='bbox 105 2136 182 2201; x_wconf 90' lang='lat' dir='ltr'><strong>ciale</strong></span> <span class='ocrx_word' id='word_1_141' title='bbox 203 2136 331 2217; x_wconf 89' lang='lat' dir='ltr'><strong>aliquod</strong></span> <span class='ocrx_word' id='word_1_142' title='bbox 343 2137 635 2216; x_wconf 86' lang='lat' dir='ltr'><strong>praedicamentum</strong></span> <span class='ocrx_word' id='word_1_143' title='bbox 645 2138 831 2218; x_wconf 86' lang='lat' dir='ltr'><strong>pertinere.“</strong></span> <span class='ocrx_word' id='word_1_144' title='bbox 869 2137 957 2215; x_wconf 82' lang='lat' dir='ltr'><strong>Quae</strong></span> <span class='ocrx_word' id='word_1_145' title='bbox 969 2157 1007 2202; x_wconf 84' lang='lat' dir='ltr'><strong>en</strong></span> <span class='ocrx_word' id='word_1_146' title='bbox 1019 2137 1068 2200; x_wconf 90' lang='lat' dir='ltr'><strong>his</strong></span> <span class='ocrx_word' id='word_1_147' title='bbox 1087 2137 1189 2200; x_wconf 90' lang='lat' dir='ltr'><strong>elucet</strong></span> <span class='ocrx_word' id='word_1_148' title='bbox 1212 2133 1385 2209; x_wconf 86' lang='lat' dir='ltr'><strong>vacillatio,</strong></span> 
     </span>
     <span class='ocr_line' id='line_1_19' title="bbox 105 2236 1387 2324; baseline -0.005 -16"><span class='ocrx_word' id='word_1_149' title='bbox 105 2249 145 2308; x_wconf 93' lang='lat' dir='ltr'><strong>ut</strong></span> <span class='ocrx_word' id='word_1_150' title='bbox 170 2243 272 2324; x_wconf 78' lang='lat' dir='ltr'><strong>magis</strong></span> <span class='ocrx_word' id='word_1_151' title='bbox 284 2243 379 2306; x_wconf 90' lang='lat' dir='ltr'><strong>etiam</strong></span> <span class='ocrx_word' id='word_1_152' title='bbox 393 2244 562 2324; x_wconf 86' lang='lat' dir='ltr'><strong>conspicua</strong></span> <span class='ocrx_word' id='word_1_153' title='bbox 577 2241 642 2322; x_wconf 88' lang='lat' dir='ltr'><strong>fiat,</strong></span> <span class='ocrx_word' id='word_1_154' title='bbox 665 2243 809 2308; x_wconf 86' lang='lat' dir='ltr'><strong>conferre</strong></span> <span class='ocrx_word' id='word_1_155' title='bbox 821 2245 898 2309; x_wconf 91' lang='lat' dir='ltr'><strong>utile</strong></span> <span class='ocrx_word' id='word_1_156' title='bbox 919 2244 981 2309; x_wconf 86' lang='lat' dir='ltr'><strong>erit</strong></span> <span class='ocrx_word' id='word_1_157' title='bbox 1002 2263 1048 2324; x_wconf 84' lang='lat' dir='ltr'><strong>ea,</strong></span> <span class='ocrx_word' id='word_1_158' title='bbox 1071 2236 1387 2324; x_wconf 82' lang='lat' dir='ltr'><strong>quaeSuarenius³⁰)</strong></span> 
     </span>
     <span class='ocr_line' id='line_1_20' title="bbox 110 2349 448 2416; baseline -0.012 -2"><span class='ocrx_word' id='word_1_159' title='bbox 110 2351 149 2415; x_wconf 93' lang='lat' dir='ltr'><strong>de</strong></span> <span class='ocrx_word' id='word_1_160' title='bbox 171 2349 325 2416; x_wconf 88' lang='lat' dir='ltr'><strong>relatione</strong></span> <span class='ocrx_word' id='word_1_161' title='bbox 349 2349 448 2414; x_wconf 89' lang='lat' dir='ltr'><strong>docet.</strong></span> 
     </span>
    </p>
   </div>
   <div class='ocr_carea' id='block_1_3' title="bbox 65 2470 1388 3624">
    <p class='ocr_par' dir='ltr' id='par_1_3' title="bbox 65 2470 1388 3624">
     <span class='ocr_line' id='line_1_21' title="bbox 214 2470 1386 2558; baseline -0.003 -21"><span class='ocrx_word' id='word_1_162' title='bbox 214 2474 385 2538; x_wconf 89' lang='lat' dir='ltr'><strong>Praeterea</strong></span> <span class='ocrx_word' id='word_1_163' title='bbox 415 2493 454 2538; x_wconf 82' lang='lat' dir='ltr'><strong>ex</strong></span> <span class='ocrx_word' id='word_1_164' title='bbox 487 2474 607 2556; x_wconf 84' lang='lat' dir='ltr'><strong>Logica</strong></span> <span class='ocrx_word' id='word_1_165' title='bbox 629 2472 865 2558; x_wconf 84' lang='lat' dir='ltr'><strong>Hamburgensi</strong></span> <span class='ocrx_word' id='word_1_166' title='bbox 896 2475 1047 2540; x_wconf 89' lang='lat' dir='ltr'><strong>nonnulla</strong></span> <span class='ocrx_word' id='word_1_167' title='bbox 1087 2473 1263 2555; x_wconf 84' lang='lat' dir='ltr'><strong>proferam,</strong></span> <span class='ocrx_word' id='word_1_168' title='bbox 1292 2470 1386 2550; x_wconf 88' lang='lat' dir='ltr'><strong>eujus</strong></span> 
     </span>
     <span class='ocr_line' id='line_1_22' title="bbox 105 2577 1386 2664; baseline -0.003 -18"><span class='ocrx_word' id='word_1_169' title='bbox 105 2599 172 2662; x_wconf 87' lang='lat' dir='ltr'><strong>cap.</strong></span> <span class='ocrx_word' id='word_1_170' title='bbox 200 2586 229 2646; x_wconf 88' lang='lat'><strong>8.</strong></span> <span class='ocrx_word' id='word_1_171' title='bbox 255 2585 295 2644; x_wconf 82' lang='lat'><strong>20</strong></span> <span class='ocrx_word' id='word_1_172' title='bbox 307 2580 440 2661; x_wconf 90' lang='lat' dir='ltr'><strong>praebet</strong></span> <span class='ocrx_word' id='word_1_173' title='bbox 464 2580 556 2645; x_wconf 88' lang='lat' dir='ltr'><strong>haee:</strong></span> <span class='ocrx_word' id='word_1_174' title='bbox 583 2581 664 2662; x_wconf 84' lang='lat' dir='ltr'><strong>„Res</strong></span> <span class='ocrx_word' id='word_1_175' title='bbox 687 2583 776 2664; x_wconf 89' lang='lat' dir='ltr'><strong>ipsae</strong></span> <span class='ocrx_word' id='word_1_176' title='bbox 798 2583 892 2646; x_wconf 90' lang='lat' dir='ltr'><strong>insito</strong></span> <span class='ocrx_word' id='word_1_177' title='bbox 915 2588 1063 2664; x_wconf 87' lang='lat' dir='ltr'><strong>respectu</strong></span> <span class='ocrx_word' id='word_1_178' title='bbox 1086 2583 1127 2647; x_wconf 91' lang='lat' dir='ltr'><strong>ad</strong></span> <span class='ocrx_word' id='word_1_179' title='bbox 1150 2579 1236 2644; x_wconf 91' lang='lat' dir='ltr'><strong>aliud</strong></span> <span class='ocrx_word' id='word_1_180' title='bbox 1259 2577 1386 2642; x_wconf 87' lang='lat' dir='ltr'><strong>relatae</strong></span> 
     </span>
     <span class='ocr_line' id='line_1_23' title="bbox 106 2685 1386 2770; baseline -0.006 -16"><span class='ocrx_word' id='word_1_181' title='bbox 106 2689 253 2754; x_wconf 90' lang='lat' dir='ltr'><strong>dicuntur</strong></span> <span class='ocrx_word' id='word_1_182' title='bbox 275 2687 379 2752; x_wconf 86' lang='lat' dir='ltr'><strong>relata</strong></span> <span class='ocrx_word' id='word_1_183' title='bbox 401 2687 573 2751; x_wconf 89' lang='lat' dir='ltr'><strong>secundum</strong></span> <span class='ocrx_word' id='word_1_184' title='bbox 597 2688 658 2752; x_wconf 88' lang='lat' dir='ltr'><strong>dici</strong></span> <span class='ocrx_word' id='word_1_185' title='bbox 681 2687 765 2751; x_wconf 73' lang='grc' dir='ltr'><strong><em>κατὰ</em></strong></span> <span class='ocrx_word' id='word_1_186' title='bbox 788 2687 826 2751; x_wconf 76' lang='lat' dir='ltr'><strong>cd</strong></span> <span class='ocrx_word' id='word_1_187' title='bbox 850 2687 1018 2770; x_wconf 65' lang='grc' dir='ltr'><strong><em>λέγεσθαι.</em></strong></span> <span class='ocrx_word' id='word_1_188' title='bbox 1064 2688 1152 2766; x_wconf 81' lang='lat' dir='ltr'><strong>Quae</strong></span> <span class='ocrx_word' id='word_1_189' title='bbox 1165 2705 1240 2752; x_wconf 86' lang='lat' dir='ltr'><strong>vero</strong></span> <span class='ocrx_word' id='word_1_190' title='bbox 1264 2685 1386 2748; x_wconf 84' lang='lat' dir='ltr'><strong>adven-</strong></span> 
     </span>
     <span class='ocr_line' id='line_1_24' title="bbox 105 2782 1383 2884; baseline -0.006 -24"><span class='ocrx_word' id='word_1_191' title='bbox 105 2799 164 2860; x_wconf 92' lang='lat' dir='ltr'><strong>tito</strong></span> <span class='ocrx_word' id='word_1_192' title='bbox 196 2799 344 2876; x_wconf 88' lang='lat' dir='ltr'><strong>respectu</strong></span> <span class='ocrx_word' id='word_1_193' title='bbox 372 2792 504 2858; x_wconf 84' lang='lat' dir='ltr'><strong>affectae</strong></span> <span class='ocrx_word' id='word_1_194' title='bbox 532 2800 620 2874; x_wconf 83' lang='lat' dir='ltr'><strong>sunt,</strong></span> <span class='ocrx_word' id='word_1_195' title='bbox 647 2794 750 2884; x_wconf 84' lang='lat' dir='ltr'><strong>relata</strong></span> <span class='ocrx_word' id='word_1_196' title='bbox 782 2795 952 2859; x_wconf 90' lang='lat' dir='ltr'><strong>seeundum</strong></span> <span class='ocrx_word' id='word_1_197' title='bbox 983 2813 1051 2860; x_wconf 87' lang='lat' dir='ltr'><strong>esse</strong></span> <span class='ocrx_word' id='word_1_198' title='bbox 1080 2792 1165 2858; x_wconf 76' lang='grc' dir='ltr'><strong><em>κατὰ</em></strong></span> <span class='ocrx_word' id='word_1_199' title='bbox 1194 2790 1232 2856; x_wconf 81' lang='grc' dir='ltr'><strong>τὸ</strong></span> <span class='ocrx_word' id='word_1_200' title='bbox 1263 2782 1383 2854; x_wconf 79' lang='grc' dir='ltr'><strong><em>εἶναι.“</em></strong></span> 
     </span>
     <span class='ocr_line' id='line_1_25' title="bbox 105 2900 1387 2982; baseline -0.005 -13"><span class='ocrx_word' id='word_1_201' title='bbox 105 2903 230 2969; x_wconf 87' lang='lat' dir='ltr'><strong>Relatio</strong></span> <span class='ocrx_word' id='word_1_202' title='bbox 253 2903 348 2967; x_wconf 88' lang='lat' dir='ltr'><strong>insita</strong></span> <span class='ocrx_word' id='word_1_203' title='bbox 374 2900 550 2982; x_wconf 86' lang='lat' dir='ltr'><strong>explicatur</strong></span> <span class='ocrx_word' id='word_1_204' title='bbox 573 2920 640 2982; x_wconf 86' lang='lat' dir='ltr'><strong>cap.</strong></span> <span class='ocrx_word' id='word_1_205' title='bbox 665 2901 710 2966; x_wconf 89' lang='lat' dir='ltr'><strong>IX</strong></span> <span class='ocrx_word' id='word_1_206' title='bbox 729 2901 777 2965; x_wconf 92' lang='lat' dir='ltr'><strong>his</strong></span> <span class='ocrx_word' id='word_1_207' title='bbox 801 2902 920 2966; x_wconf 88' lang='lat' dir='ltr'><strong>verbis:</strong></span> <span class='ocrx_word' id='word_1_208' title='bbox 947 2901 1090 2982; x_wconf 84' lang='lat' dir='ltr'><strong>„Relatio</strong></span> <span class='ocrx_word' id='word_1_209' title='bbox 1114 2901 1208 2964; x_wconf 90' lang='lat' dir='ltr'><strong>insita</strong></span> <span class='ocrx_word' id='word_1_210' title='bbox 1220 2903 1277 2978; x_wconf 92' lang='lat' dir='ltr'><strong>est,</strong></span> <span class='ocrx_word' id='word_1_211' title='bbox 1301 2915 1387 2978; x_wconf 89' lang='lat' dir='ltr'><strong>quae</strong></span> 
     </span>
     <span class='ocr_line' id='line_1_26' title="bbox 65 3005 1388 3096; baseline -0.007 -20"><span class='ocrx_word' id='word_1_212' title='bbox 65 3016 69 3024; x_wconf 90' lang='lat'>&#39;</span> <span class='ocrx_word' id='word_1_213' title='bbox 105 3011 152 3076; x_wconf 92' lang='lat' dir='ltr'><strong>rei</strong></span> <span class='ocrx_word' id='word_1_214' title='bbox 181 3009 353 3076; x_wconf 88' lang='lat' dir='ltr'><strong>secundum</strong></span> <span class='ocrx_word' id='word_1_215' title='bbox 388 3009 490 3088; x_wconf 90' lang='lat' dir='ltr'><strong>ipsam</strong></span> <span class='ocrx_word' id='word_1_216' title='bbox 513 3008 636 3072; x_wconf 86' lang='lat' dir='ltr'><strong>relatae</strong></span> <span class='ocrx_word' id='word_1_217' title='bbox 669 3009 715 3072; x_wconf 89' lang='lat' dir='ltr'><strong>ita</strong></span> <span class='ocrx_word' id='word_1_218' title='bbox 737 3009 849 3072; x_wconf 88' lang='lat' dir='ltr'><strong>intima</strong></span> <span class='ocrx_word' id='word_1_219' title='bbox 878 3013 939 3088; x_wconf 83' lang='lat' dir='ltr'><strong>est,</strong></span> <span class='ocrx_word' id='word_1_220' title='bbox 971 3015 1007 3073; x_wconf 89' lang='lat' dir='ltr'><strong>ut</strong></span> <span class='ocrx_word' id='word_1_221' title='bbox 1030 3009 1070 3073; x_wconf 90' lang='lat' dir='ltr'><strong>ab</strong></span> <span class='ocrx_word' id='word_1_222' title='bbox 1094 3027 1132 3072; x_wconf 87' lang='lat' dir='ltr'><strong>ea</strong></span> <span class='ocrx_word' id='word_1_223' title='bbox 1163 3005 1306 3088; x_wconf 86' lang='lat' dir='ltr'><strong>separari</strong></span> <span class='ocrx_word' id='word_1_224' title='bbox 1328 3023 1388 3096; x_wconf 85' lang='lat' dir='ltr'><strong>ne-</strong></span> 
     </span>
     <span class='ocr_line' id='line_1_27' title="bbox 106 3112 1388 3200; baseline -0.006 -18"><span class='ocrx_word' id='word_1_225' title='bbox 106 3125 217 3200; x_wconf 82' lang='lat' dir='ltr'><strong>queat,</strong></span> <span class='ocrx_word' id='word_1_226' title='bbox 249 3117 314 3180; x_wconf 87' lang='lat' dir='ltr'><strong>sive</strong></span> <span class='ocrx_word' id='word_1_227' title='bbox 344 3120 379 3180; x_wconf 93' lang='lat' dir='ltr'><strong>ut</strong></span> <span class='ocrx_word' id='word_1_228' title='bbox 415 3133 466 3179; x_wconf 87' lang='lat' dir='ltr'><strong>res</strong></span> <span class='ocrx_word' id='word_1_229' title='bbox 496 3115 598 3179; x_wconf 90' lang='lat' dir='ltr'><strong>relata</strong></span> <span class='ocrx_word' id='word_1_230' title='bbox 621 3115 740 3196; x_wconf 88' lang='lat' dir='ltr'><strong>absque</strong></span> <span class='ocrx_word' id='word_1_231' title='bbox 763 3135 801 3180; x_wconf 89' lang='lat' dir='ltr'><strong>ea</strong></span> <span class='ocrx_word' id='word_1_232' title='bbox 828 3116 981 3180; x_wconf 88' lang='lat' dir='ltr'><strong>relatione</strong></span> <span class='ocrx_word' id='word_1_233' title='bbox 1004 3134 1164 3196; x_wconf 89' lang='lat' dir='ltr'><strong>uunquam</strong></span> <span class='ocrx_word' id='word_1_234' title='bbox 1187 3112 1388 3194; x_wconf 82' lang='lat' dir='ltr'><strong>reperiatur3</strong></span> 
     </span>
     <span class='ocr_line' id='line_1_28' title="bbox 106 3221 1387 3306; baseline -0.005 -17"><span class='ocrx_word' id='word_1_235' title='bbox 106 3229 217 3306; x_wconf 89' lang='lat' dir='ltr'><strong>estque</strong></span> <span class='ocrx_word' id='word_1_236' title='bbox 240 3222 288 3287; x_wconf 89' lang='lat' dir='ltr'><strong>vel</strong></span> <span class='ocrx_word' id='word_1_237' title='bbox 319 3221 500 3286; x_wconf 87' lang='lat' dir='ltr'><strong>Communis</strong></span> <span class='ocrx_word' id='word_1_238' title='bbox 523 3222 573 3286; x_wconf 92' lang='lat' dir='ltr'><strong>vel</strong></span> <span class='ocrx_word' id='word_1_239' title='bbox 596 3222 727 3303; x_wconf 90' lang='lat' dir='ltr'><strong>propria</strong></span> <span class='ocrx_word' id='word_1_240' title='bbox 761 3228 788 3285; x_wconf 86' lang='lat'><strong>2.</strong></span> <span class='ocrx_word' id='word_1_241' title='bbox 802 3222 982 3287; x_wconf 84' lang='lat' dir='ltr'><strong>Communis</strong></span> <span class='ocrx_word' id='word_1_242' title='bbox 1006 3227 1063 3300; x_wconf 86' lang='lat' dir='ltr'><strong>est,</strong></span> <span class='ocrx_word' id='word_1_243' title='bbox 1087 3241 1168 3302; x_wconf 92' lang='lat' dir='ltr'><strong>quae</strong></span> <span class='ocrx_word' id='word_1_244' title='bbox 1191 3221 1268 3284; x_wconf 93' lang='lat' dir='ltr'><strong>nulli</strong></span> <span class='ocrx_word' id='word_1_245' title='bbox 1290 3237 1387 3300; x_wconf 90' lang='lat' dir='ltr'><strong>prae-</strong></span> 
     </span>
     <span class='ocr_line' id='line_1_29' title="bbox 106 3325 1386 3411; baseline -0.004 -16"><span class='ocrx_word' id='word_1_246' title='bbox 106 3331 283 3396; x_wconf 90' lang='lat' dir='ltr'><strong>dicamento</strong></span> <span class='ocrx_word' id='word_1_247' title='bbox 308 3329 439 3393; x_wconf 86' lang='lat' dir='ltr'><strong>astricta</strong></span> <span class='ocrx_word' id='word_1_248' title='bbox 462 3333 525 3407; x_wconf 83' lang='lat' dir='ltr'><strong>est,</strong></span> <span class='ocrx_word' id='word_1_249' title='bbox 556 3330 611 3394; x_wconf 92' lang='lat' dir='ltr'><strong>sed</strong></span> <span class='ocrx_word' id='word_1_250' title='bbox 641 3348 699 3411; x_wconf 92' lang='lat' dir='ltr'><strong>per</strong></span> <span class='ocrx_word' id='word_1_251' title='bbox 729 3329 822 3410; x_wconf 91' lang='lat' dir='ltr'><strong>plura</strong></span> <span class='ocrx_word' id='word_1_252' title='bbox 846 3330 936 3410; x_wconf 90' lang='lat' dir='ltr'><strong>quasi</strong></span> <span class='ocrx_word' id='word_1_253' title='bbox 965 3334 1109 3411; x_wconf 87' lang='lat' dir='ltr'><strong>vagatur.</strong></span> <span class='ocrx_word' id='word_1_254' title='bbox 1154 3327 1239 3392; x_wconf 87' lang='lat' dir='ltr'><strong>Talis</strong></span> <span class='ocrx_word' id='word_1_255' title='bbox 1269 3325 1386 3390; x_wconf 92' lang='lat' dir='ltr'><strong>relatio</strong></span> 
     </span>
     <span class='ocr_line' id='line_1_30' title="bbox 105 3433 1387 3518; baseline -0.007 -14"><span class='ocrx_word' id='word_1_256' title='bbox 105 3443 154 3504; x_wconf 85' lang='lat' dir='ltr'><strong>est</strong></span> <span class='ocrx_word' id='word_1_257' title='bbox 194 3438 277 3502; x_wconf 82' lang='lat' dir='ltr'><strong>inter</strong></span> <span class='ocrx_word' id='word_1_258' title='bbox 307 3436 422 3500; x_wconf 92' lang='lat' dir='ltr'><strong>Totum</strong></span> <span class='ocrx_word' id='word_1_259' title='bbox 457 3441 489 3500; x_wconf 92' lang='lat' dir='ltr'><strong>et</strong></span> <span class='ocrx_word' id='word_1_260' title='bbox 518 3435 662 3516; x_wconf 81' lang='lat' dir='ltr'><strong>Partem,</strong></span> <span class='ocrx_word' id='word_1_261' title='bbox 695 3437 779 3501; x_wconf 86' lang='lat' dir='ltr'><strong>inter</strong></span> <span class='ocrx_word' id='word_1_262' title='bbox 811 3435 992 3518; x_wconf 77' lang='lat' dir='ltr'><strong>SubJeotum</strong></span> <span class='ocrx_word' id='word_1_263' title='bbox 1021 3441 1053 3500; x_wconf 92' lang='lat' dir='ltr'><strong>et</strong></span> <span class='ocrx_word' id='word_1_264' title='bbox 1084 3435 1270 3508; x_wconf 84' lang='lat' dir='ltr'><strong>inhaerens,</strong></span> <span class='ocrx_word' id='word_1_265' title='bbox 1299 3433 1387 3496; x_wconf 86' lang='lat' dir='ltr'><strong>inter</strong></span> 
     </span>
     <span class='ocr_line' id='line_1_31' title="bbox 109 3539 1386 3624; baseline -0.007 -13"><span class='ocrx_word' id='word_1_266' title='bbox 109 3545 244 3611; x_wconf 81' lang='lat' dir='ltr'><strong>Causam</strong></span> <span class='ocrx_word' id='word_1_267' title='bbox 268 3544 425 3607; x_wconf 88' lang='lat' dir='ltr'><strong>internam</strong></span> <span class='ocrx_word' id='word_1_268' title='bbox 449 3543 572 3624; x_wconf 87' lang='lat' dir='ltr'><strong>atejus</strong></span> <span class='ocrx_word' id='word_1_269' title='bbox 596 3543 777 3608; x_wconf 73' lang='lat' dir='ltr'><strong>causatum.</strong></span> <span class='ocrx_word' id='word_1_270' title='bbox 801 3551 853 3607; x_wconf 89' lang='lat'><strong>41.</strong></span> <span class='ocrx_word' id='word_1_271' title='bbox 883 3543 1007 3608; x_wconf 89' lang='lat' dir='ltr'><strong>Relatio</strong></span> <span class='ocrx_word' id='word_1_272' title='bbox 1030 3543 1125 3608; x_wconf 88' lang='lat' dir='ltr'><strong>insita</strong></span> <span class='ocrx_word' id='word_1_273' title='bbox 1154 3539 1386 3606; x_wconf 88' lang='lat' dir='ltr'><strong>recentioribus</strong></span> 
     </span>
    </p>
   </div>
   <div class='ocr_carea' id='block_1_4' title="bbox 108 3670 316 3682">
    <p class='ocr_par' dir='ltr' id='par_1_4' title="bbox 108 3670 316 3682">
     <span class='ocr_line' id='line_1_32' title="bbox 108 3670 316 3682; baseline -0.014 -3"><span class='ocrx_word' id='word_1_274' title='bbox 108 3671 154 3682; x_wconf 64' lang='grc'><strong>...-</strong></span> <span class='ocrx_word' id='word_1_275' title='bbox 158 3674 167 3678; x_wconf 89' lang='grc'><strong>..</strong></span> <span class='ocrx_word' id='word_1_276' title='bbox 172 3670 316 3678; x_wconf 63' lang='lat'>...-.-.—</span> 
     </span>
    </p>
   </div>
   <div class='ocr_carea' id='block_1_5' title="bbox 106 3708 1388 3970">
    <p class='ocr_par' dir='ltr' id='par_1_5' title="bbox 106 3708 1388 3970">
     <span class='ocr_line' id='line_1_33' title="bbox 214 3708 1388 3804; baseline -0.006 -13"><span class='ocrx_word' id='word_1_277' title='bbox 214 3737 248 3804; x_wconf 75' lang='lat'><strong>²⁹)</strong></span> <span class='ocrx_word' id='word_1_278' title='bbox 268 3737 301 3790; x_wconf 88' lang='lat' dir='ltr'><strong>cf.</strong></span> <span class='ocrx_word' id='word_1_279' title='bbox 322 3708 422 3788; x_wconf 84' lang='lat' dir='ltr'><strong>Alsted.</strong></span> <span class='ocrx_word' id='word_1_280' title='bbox 444 3735 564 3804; x_wconf 87' lang='lat' dir='ltr'><strong>Metaph.</strong></span> <span class='ocrx_word' id='word_1_281' title='bbox 582 3754 608 3804; x_wconf 89' lang='lat' dir='ltr'><strong>p.</strong></span> <span class='ocrx_word' id='word_1_282' title='bbox 630 3740 696 3790; x_wconf 82' lang='lat'>261:</span> <span class='ocrx_word' id='word_1_283' title='bbox 734 3737 839 3790; x_wconf 89' lang='lat' dir='ltr'><strong>Relatio</strong></span> <span class='ocrx_word' id='word_1_284' title='bbox 866 3738 979 3790; x_wconf 88' lang='lat' dir='ltr'><strong>rationis</strong></span> <span class='ocrx_word' id='word_1_285' title='bbox 1005 3741 1046 3790; x_wconf 89' lang='lat' dir='ltr'><strong>est</strong></span> <span class='ocrx_word' id='word_1_286' title='bbox 1072 3741 1207 3804; x_wconf 88' lang='lat' dir='ltr'><strong>respectus</strong></span> <span class='ocrx_word' id='word_1_287' title='bbox 1232 3731 1349 3800; x_wconf 88' lang='lat' dir='ltr'><strong>pendens</strong></span> <span class='ocrx_word' id='word_1_288' title='bbox 1369 3748 1388 3784; x_wconf 87' lang='lat' dir='ltr'><strong>a</strong></span> 
     </span>
     <span class='ocr_line' id='line_1_34' title="bbox 106 3821 1387 3894; baseline -0.006 -14"><span class='ocrx_word' id='word_1_289' title='bbox 106 3832 198 3880; x_wconf 87' lang='lat' dir='ltr'><strong>nostra</strong></span> <span class='ocrx_word' id='word_1_290' title='bbox 216 3825 445 3880; x_wconf 87' lang='lat' dir='ltr'><strong>consideratione:</strong></span> <span class='ocrx_word' id='word_1_291' title='bbox 464 3833 495 3878; x_wconf 88' lang='lat' dir='ltr'><strong>ut</strong></span> <span class='ocrx_word' id='word_1_292' title='bbox 513 3825 635 3880; x_wconf 86' lang='lat' dir='ltr'><strong>dextrum</strong></span> <span class='ocrx_word' id='word_1_293' title='bbox 655 3833 680 3879; x_wconf 85' lang='lat' dir='ltr'><strong>et</strong></span> <span class='ocrx_word' id='word_1_294' title='bbox 699 3826 837 3878; x_wconf 83' lang='lat' dir='ltr'><strong>sinistrum</strong></span> <span class='ocrx_word' id='word_1_295' title='bbox 857 3827 884 3878; x_wconf 93' lang='lat' dir='ltr'><strong>in</strong></span> <span class='ocrx_word' id='word_1_296' title='bbox 903 3827 971 3894; x_wconf 89' lang='lat' dir='ltr'><strong>ripis</strong></span> <span class='ocrx_word' id='word_1_297' title='bbox 989 3823 1116 3890; x_wconf 87' lang='lat' dir='ltr'><strong>fluminis,</strong></span> <span class='ocrx_word' id='word_1_298' title='bbox 1137 3822 1261 3890; x_wconf 90' lang='lat' dir='ltr'><strong>superius</strong></span> <span class='ocrx_word' id='word_1_299' title='bbox 1280 3826 1326 3874; x_wconf 87' lang='lat' dir='ltr'><strong>aut</strong></span> <span class='ocrx_word' id='word_1_300' title='bbox 1344 3821 1387 3872; x_wconf 91' lang='lat' dir='ltr'><strong>in-</strong></span> 
     </span>
     <span class='ocr_line' id='line_1_35' title="bbox 111 3913 343 3970; baseline 0.004 -1"><span class='ocrx_word' id='word_1_301' title='bbox 111 3915 195 3969; x_wconf 84' lang='lat' dir='ltr'><strong>ferius</strong></span> <span class='ocrx_word' id='word_1_302' title='bbox 213 3914 241 3968; x_wconf 91' lang='lat' dir='ltr'><strong>in</strong></span> <span class='ocrx_word' id='word_1_303' title='bbox 260 3913 343 3970; x_wconf 89' lang='lat' dir='ltr'><strong>coelo.</strong></span> 
     </span>
    </p>
   </div>
   <div class='ocr_carea' id='block_1_6' title="bbox 106 4017 1387 4178">
    <p class='ocr_par' dir='ltr' id='par_1_6' title="bbox 106 4017 1387 4178">
     <span class='ocr_line' id='line_1_36' title="bbox 213 4017 1387 4091; baseline -0.004 -17"><span class='ocrx_word' id='word_1_304' title='bbox 213 4018 244 4084; x_wconf 79' lang='lat'><strong>³⁰)</strong></span> <span class='ocrx_word' id='word_1_305' title='bbox 264 4020 297 4074; x_wconf 89' lang='lat' dir='ltr'><strong>ef.</strong></span> <span class='ocrx_word' id='word_1_306' title='bbox 324 4021 479 4074; x_wconf 89' lang='lat' dir='ltr'><strong>Baumann:</strong></span> <span class='ocrx_word' id='word_1_307' title='bbox 507 4021 559 4075; x_wconf 93' lang='lat' dir='ltr'><strong>Die</strong></span> <span class='ocrx_word' id='word_1_308' title='bbox 585 4022 692 4076; x_wconf 89' lang='lat' dir='ltr'><strong>Lehren</strong></span> <span class='ocrx_word' id='word_1_309' title='bbox 720 4038 771 4076; x_wconf 89' lang='lat' dir='ltr'><strong>von</strong></span> <span class='ocrx_word' id='word_1_310' title='bbox 797 4023 902 4091; x_wconf 84' lang='lat' dir='ltr'><strong>Reum,</strong></span> <span class='ocrx_word' id='word_1_311' title='bbox 930 4023 988 4076; x_wconf 91' lang='lat' dir='ltr'><strong>Zeit</strong></span> <span class='ocrx_word' id='word_1_312' title='bbox 1012 4021 1067 4074; x_wconf 89' lang='lat' dir='ltr'><strong>und</strong></span> <span class='ocrx_word' id='word_1_313' title='bbox 1085 4018 1265 4074; x_wconf 89' lang='lat' dir='ltr'><strong>Mathematik</strong></span> <span class='ocrx_word' id='word_1_314' title='bbox 1291 4019 1319 4070; x_wconf 93' lang='lat' dir='ltr'><strong>in</strong></span> <span class='ocrx_word' id='word_1_315' title='bbox 1338 4017 1387 4070; x_wconf 85' lang='lat' dir='ltr'><strong>der</strong></span> 
     </span>
     <span class='ocr_line' id='line_1_37' title="bbox 106 4107 1386 4178; baseline -0.003 -15"><span class='ocrx_word' id='word_1_316' title='bbox 106 4123 208 4163; x_wconf 86' lang='lat' dir='ltr'><strong>neuren</strong></span> <span class='ocrx_word' id='word_1_317' title='bbox 228 4108 406 4178; x_wconf 84' lang='lat' dir='ltr'><strong>Philosophia</strong></span> <span class='ocrx_word' id='word_1_318' title='bbox 424 4109 494 4164; x_wconf 88' lang='lat' dir='ltr'><strong>nach</strong></span> <span class='ocrx_word' id='word_1_319' title='bbox 513 4109 600 4163; x_wconf 90' lang='lat' dir='ltr'><strong>ihrem</strong></span> <span class='ocrx_word' id='word_1_320' title='bbox 621 4125 723 4177; x_wconf 85' lang='lat' dir='ltr'><strong>ganzen</strong></span> <span class='ocrx_word' id='word_1_321' title='bbox 741 4109 863 4165; x_wconf 84' lang='lat' dir='ltr'><strong>Einfluss</strong></span> <span class='ocrx_word' id='word_1_322' title='bbox 882 4111 1039 4178; x_wconf 85' lang='lat' dir='ltr'><strong>dargestellt</strong></span> <span class='ocrx_word' id='word_1_323' title='bbox 1057 4108 1112 4162; x_wconf 91' lang='lat' dir='ltr'><strong>und</strong></span> <span class='ocrx_word' id='word_1_324' title='bbox 1130 4107 1284 4162; x_wconf 88' lang='lat' dir='ltr'><strong>beurtheilt.</strong></span> <span class='ocrx_word' id='word_1_325' title='bbox 1320 4107 1386 4160; x_wconf 87' lang='lat' dir='ltr'><strong>Ber-</strong></span> 
     </span>
    </p>
   </div>
   <div class='ocr_carea' id='block_1_7' title="bbox 106 4193 1476 4269">
    <p class='ocr_par' dir='ltr' id='par_1_7' title="bbox 106 4193 1476 4269">
     <span class='ocr_line' id='line_1_38' title="bbox 106 4193 1476 4269; baseline -0.003 -17"><span class='ocrx_word' id='word_1_326' title='bbox 106 4199 145 4252; x_wconf 90' lang='lat' dir='ltr'><strong>lin</strong></span> <span class='ocrx_word' id='word_1_327' title='bbox 165 4199 249 4263; x_wconf 79' lang='lat'>1868,</span> <span class='ocrx_word' id='word_1_328' title='bbox 276 4197 329 4250; x_wconf 86' lang='lat' dir='ltr'><strong>vol.</strong></span> <span class='ocrx_word' id='word_1_329' title='bbox 348 4199 370 4268; x_wconf 84' lang='lat' dir='ltr'><strong>l,</strong></span> <span class='ocrx_word' id='word_1_330' title='bbox 397 4199 468 4266; x_wconf 91' lang='lat' dir='ltr'><strong>quod</strong></span> <span class='ocrx_word' id='word_1_331' title='bbox 487 4199 619 4255; x_wconf 87' lang='lat' dir='ltr'><strong>eontinet:</strong></span> <span class='ocrx_word' id='word_1_332' title='bbox 647 4199 763 4268; x_wconf 84' lang='lat' dir='ltr'><strong>Suarez,</strong></span> <span class='ocrx_word' id='word_1_333' title='bbox 789 4199 948 4267; x_wconf 86' lang='lat' dir='ltr'><strong>Descartes,</strong></span> <span class='ocrx_word' id='word_1_334' title='bbox 975 4198 1108 4269; x_wconf 82' lang='lat' dir='ltr'><strong>Spinoza,</strong></span> <span class='ocrx_word' id='word_1_335' title='bbox 1133 4195 1259 4266; x_wconf 77' lang='lat' dir='ltr'><strong>HobbeS,</strong></span> <span class='ocrx_word' id='word_1_336' title='bbox 1285 4193 1387 4265; x_wconf 85' lang='lat' dir='ltr'><strong>Loelre,</strong></span> <span class='ocrx_word' id='word_1_337' title='bbox 1475 4243 1476 4260; x_wconf 60' lang='grc'>,</span> 
     </span>
    </p>
   </div>
   <div class='ocr_carea' id='block_1_8' title="bbox 176 4289 337 4354">
    <p class='ocr_par' dir='ltr' id='par_1_8' title="bbox 176 4289 337 4354">
     <span class='ocr_line' id='line_1_39' title="bbox 176 4289 337 4354; baseline -0.012 -14"><span class='ocrx_word' id='word_1_338' title='bbox 176 4293 229 4342; x_wconf 64' lang='lat' dir='ltr'><strong>“om</strong></span> <span class='ocrx_word' id='word_1_339' title='bbox 248 4303 274 4354; x_wconf 92' lang='lat' dir='ltr'><strong>p.</strong></span> <span class='ocrx_word' id='word_1_340' title='bbox 296 4289 337 4338; x_wconf 85' lang='lat'><strong>13.</strong></span> 
     </span>
    </p>
   </div>
   <div class='ocr_carea' id='block_1_9' title="bbox 0 0 1490 4636">
    <p class='ocr_par' dir='ltr' id='par_1_9' title="bbox 0 0 1490 4636">
     <span class='ocr_line' id='line_1_40' title="bbox 0 0 1490 4636; baseline 0 0"><span class='ocrx_word' id='word_1_341' title='bbox 0 0 1490 4636; x_wconf 95' lang='lat' dir='ltr'><strong> </strong></span> 
     </span>
    </p>
   </div>
  </div>
 </body>
</html>
