2834 4514
614 129 824 228 ‚mrem

72 349 110 408 et
135 344 207 425 eJus
230 345 332 411 modis
355 337 467 420 primis
491 342 586 417 atque
610 340 696 404 ortis.
743 340 868 405 Etenim
898 340 989 406 ou'me
1017 362 1123 423 unum,
1154 364 1273 425 verum,
1304 347 1358 411 bo-

74 468 168 529 num,
191 446 600 530 ordinatum,.numorabile
624 452 656 510 et
679 447 853 527 perlectum
879 454 926 512 est
949 449 1123 529 pulchrum.
1279 436 1282 441 ’

189 576 218 639 p.
247 564 317 640 121.
342 555 396 641 (de
420 553 506 636 actu)
556 552 796 634 ,Definitionem
821 562 929 641 actus,
951 557 1033 636 quod
1058 564 1189 638 spectat,
1220 559 1273 624 illa
1296 579 1356 625 nou

75 669 164 728 tam·
182 663 321 730 definitio
355 669 412 746 est,
444 681 537 742 quam
563 661 787 741 qualiscunque
823 662 1001 752 descriptio.
1057 663 1356 734 Transcendentium

77 770 165 835 enim
185 771 276 836 nulla
305 773 400 835 datur
423 769 565 850 perlecta
596 766 734 843 definitio
750 765 816 848 ²⁷).“
863 768 1016 833 Addenda
1039 776 1112 834 sunt
1145 775 1295 839 nonnulla
1318 779 1356 841 de

31 860 36 867 ¹
76 878 244 957 relatione,
260 859 307 943 ¹de
325 897 393 962 ,qua
417 875 576 939 Alstedius
600 875 742 955 disputat
765 894 794 954 p.
820 880 897 938 259:
947 876 1079 956 „Relata
1102 884 1174 942 sunt
1197 881 1247 944 vel
1271 883 1355 946 κατὰ

75 982 116 1047 τὸ
144 974 228 1047 εἶναι
250 985 305 1046 καὶ
328 981 366 1045 τὸ
388 982 555 1064 λέγεσθαι.
591 981 704 1045 Relata
725 981 896 1045 secundum
910 1002 977 1046 esse
994 990 1067 1047 suut
1085 986 1226 1065 perlecta
1245 989 1355 1071 relata,

70 1108 215 1177 ¹quorum
239 1090 393 1155 alterutro
418 1088 550 1165 sublato,
575 1088 709 1152 alterum
734 1088 870 1167 tollitur,
894 1095 929 1153 ut
952 1096 1045 1170 pater
1068 1098 1099 1156 et
1118 1091 1206 1158 filius.
1242 1096 1355 1162 Relata

74 1198 253 1263 secundum
277 1199 338 1261 dici
362 1201 435 1260 sunt
458 1195 652 1276 imperfecta,
677 1214 810 1276 quornm
834 1215 895 1260 uno
920 1198 1046 1278 quidem
1070 1199 1193 1264 sublato
1218 1203 1353 1268 alterum

76 1305 214 1385 tollitur,
237 1305 292 1369 sed
316 1323 378 1368 non
396 1303 546 1366 vicissim:
571 1311 606 1366 ut
629 1310 739 1383 pastor
762 1309 794 1380 et
811 1322 897 1384 grou,
915 1304 1005 1368 'visus
1021 1311 1052 1369 et
1070 1307 1199 1385 visibile,
1223 1310 1373 1376 scientia-

68 1405 112 1477 'e't'
134 1411 250 1476 scibile.
297 1411 378 1474 Nam
411 1409 542 1474 sublatis
573 1428 680 1491 grege,
696 1409 816 1502 ¹visibili
852 1416 883 1473 et
915 1410 1024 1489 scibili,
1058 1413 1212 1478 tolluntur
1234 1423 1352 1498 pastor,

74 1519 163 1582 visus
187 1523 220 1581 et
243 1518 388 1582 scientia:
413 1517 467 1580 sed
491 1515 539 1579 his
563 1516 694 1580 sublatis
717 1533 779 1580 non
803 1517 958 1580 tolluntur
980 1518 1042 1582 illa.

184 1661 214 1723 p.
242 1647 319 1706 162:
364 1642 545 1706 Relatioues
569 1641 600 1705 in
623 1641 691 1704 Deo
716 1660 777 1704 non
801 1647 874 1704 sunt
897 1642 1208 1722 praedicamentales
1244 1648 1350 1714 Ratio:

75 1734 154 1831 quia
176 1749 262 1813 nulla
285 1751 315 1812 in
340 1748 407 1812 Deo
431 1754 505 1811 sunt
535 1748 717 1811 accidentia.
732 1744 772 1828 28)
819 1747 1121 1814 Transcendentales
1149 1753 1248 1834 igitur
1270 1757 1351 1821 rela-

71 1857 179 1919 tiones
204 1856 494 1936 quam1·ectissi1ne
518 1855 655 1918 traditae
688 1859 761 1918 sunt
795 1875 813 1918 a
837 1854 896 1918 bd.
916 1854 1050 1920 Scholae
1074 1863 1109 1920 ut
1131 1859 1149 1921 l.
1169 1859 1184 1922 l
1207 1862 1348 1928 vidimus.

181 1979 480 2045 Praedicamentalis
504 1979 617 2043 relatio
652 1997 743 2043 suum
779 1981 969 2044 correlatnm
1000 1984 1129 2063 respicit
1164 1997 1199 2049 ut
1231 1989 1348 2053 nudum

62 2088 253 2166 terminum,
285 2087 344 2150 hoc
368 2092 425 2164 est,
460 2105 528 2150 eum
562 2087 691 2167 proprie
726 2105 786 2150 non
811 2084 920 2153 efficit:
953 2095 988 2152 ut
1022 2090 1054 2152 in
1087 2091 1231 2157 humanis
1254 2097 1348 2163 rebus

70 2200 168 2276 pater
190 2193 288 2258 filium
312 2200 344 2257 et
367 2192 449 2257 iilius
472 2200 597 2274 patrem
621 2193 757 2274 respicit.
803 2193 891 2258 Haec
914 2195 991 2260 talia
1010 2196 1111 2261 relata
1136 2198 1253 2265 habent
1276 2222 1348 2269 cau-

70 2318 142 2367 sam
175 2299 360 2364 efficientem
397 2306 561 2379 remotam,
602 2301 725 2364 ratione
753 2299 962 2367 fundamenti:
992 2308 1027 2366 ut
1054 2307 1229 2384 paternitas
1253 2310 1348 2376 habet

69 2420 200 2472 causam
233 2406 419 2472 efficientem
461 2409 597 2471 animam
622 2412 831 2488 vegetantem,
865 2427 944 2488 quae
978 2416 1025 2473 est
1065 2430 1160 2476 causa
1186 2418 1347 2494 potentiae

30 2598 33 2603 Ι
68 2514 281 2596 genetativae,
305 2535 325 2578 a
348 2532 411 2594 qua
440 2522 489 2577 est
511 2515 695 2595 paternit-as.
747 2513 928 2579 Paternitas
952 2522 1057 2580 autem
1081 2518 1143 2598 illa,
1178 2539 1234 2585 ceu
1267 2525 1347 2589 acei-

69 2622 151 2685 dens
170 2621 320 2685 minimae
337 2621 487 2697 entitatis,
511 2639 571 2684 non
590 2626 696 2701 potest
719 2638 787 2684 esso
805 2639 899 2685 eausa
923 2621 1059 2687 cifioiens
1074 2625 1154 2689 alius
1167 2629 1346 2728 accidentis,

52 2726 171 2792 'multo
194 2728 296 2791 minus
320 2726 523 2791 substantiae.
570 2727 612 2790 At
645 2744 721 2790 vero
752 2733 877 2791 creator
900 2747 962 2792 non
992 2731 1121 2810 respicit
1153 2736 1235 2800 nude
1259 2755 1346 2802 erea-

68 2841 181 2899 turam
205 2839 241 2897 ut
264 2834 446 2898 terminum:
470 2833 525 2897 sed
550 2852 619 2897 eam
643 2831 763 2896 elficit.“
1172 2821 1175 2827 ’

100 3014 103 3019 ,
176 2940 351 3022 Distinguit
380 2941 477 3021 igitur
501 2934 661 3004 r'llstedius
689 2941 772 3003 inter
803 2940 988 3005 relationem
1025 2947 1195 3011 secundum
1230 2951 1290 3014 dici
1314 2959 1345 3016 et

66 3047 238 3113 secundem
263 3066 339 3124 csse,
364 3065 499 3128 quarum
523 3047 681 3127 posterior
705 3053 753 3111 est
776 3053 831 3111 aut
855 3048 1149 3128 praedicamentalis
1180 3062 1235 3120 aut
1259 3066 1344 3123 tran-

66 3144 287 3234 scandentalis,
296 3154 418 3235 idquod
427 3155 605 3218 accuratius
617 3154 805 3235 breviusque
817 3156 1193 3241 exponitlritomislemus,
1204 3163 1343 3246 Metaph.

65 3283 96 3346 p.
124 3267 180 3326 31:
210 3261 353 3325 Relative
377 3262 524 3341 opposita
556 3267 638 3340 sunt,
672 3280 752 3342 quae
787 3268 964 3342 respectum
1000 3264 1137 3344 aliquem
1170 3269 1343 3351 includunt,

66 3368 122 3452 qui
145 3375 307 3449 respectus
331 3368 446 3431 dicitur
468 3368 589 3432 relatio.
635 3368 694 3431 Est
717 3372 822 3432 autem
853 3369 964 3434 relatio
995 3371 1058 3436 alia
1087 3376 1257 3440 secundum
1281 3379 1343 3442 dici

66 3481 100 3542 et
123 3475 225 3539 minus
249 3475 404 3555 exquisita
427 3480 463 3538 ut
486 3474 537 3538 ala
560 3475 675 3538 dicitur
698 3475 782 3552 alati,
807 3482 902 3556 caput
923 3479 1062 3560 capitati,
1086 3483 1148 3546 alia
1170 3485 1341 3561 seeundum

65 3602 145 3661 esse,
169 3584 257 3665 qu'us
290 3591 339 3647 est
371 3582 482 3648 referri
516 3583 556 3646 ad
589 3583 683 3647 aliud.
729 3583 771 3646 Et
802 3583 879 3647 haec
910 3592 957 3649 est
986 3589 1268 3654 transcendentalis
1292 3592 1341 3656 vel

64 3690 388 3775 praedicamentaliS.“
424 3690 460 3753 In
483 3689 636 3754 relatione
648 3690 915 3774 transcendentali
938 3712 1000 3757 non
1018 3713 1096 3775 opus
1114 3702 1162 3760 est
1185 3702 1219 3760 ut
1244 3718 1340 3763 uuum

173 3883 205 3951 ²²)
224 3884 283 3936 Hoc
302 3889 488 3951 argumentum
508 3883 535 3935 in
556 3883 652 3950 quavis
670 3883 726 3936 fere
744 3883 843 3950 pagina
861 3884 931 3938 redit
948 3901 1035 3953 neque
1055 3889 1162 3940 omnino
1180 3889 1280 3943 infitias
1299 3907 1339 3962 eo,

58 3970 152 4028 'mult'a
170 3987 212 4025 me
234 3972 369 4026 invenisse
396 3971 639 4025 transcendentium
659 3971 766 4024 nomino
784 3972 943 4043 significata,
963 3991 1039 4043 quae,
1065 3985 1096 4028 ut
1113 3977 1227 4031 Alstedii
1248 3980 1339 4034 verbis

63 4068 128 4117 utar
147 4067 272 4130 „captum
290 4068 411 4116 nostrum
431 4060 648 4134 transcendunt.“
701 4129 703 4134 Ι

173 4166 206 4234 ²⁸)
225 4167 381 4221 Substantia
399 4169 469 4222 enim
489 4173 516 4221 et
534 4167 683 4222 accidentia
699 4166 926 4237 praedicamentis
943 4169 1128 4221 continentur,
