2834 4514
587 39 798 134 auam

19 239 153 314 homo
178 251 226 310 est
250 246 365 310 animal
388 243 558 309 rationale:
590 244 652 308 alia
682 240 924 319 denominativa,
954 243 997 318 ut,
1027 237 1120 301 homo
1153 241 1202 299 est
1230 234 1327 313 albus,

20 347 150 420 homo
176 358 223 418 est
246 353 374 433 species.
420 351 501 416 Nam
525 352 644 431 species
667 369 729 414 non
752 348 954 431 praedicatur
977 345 1016 410 de
1039 344 1172 422 homine,
1195 340 1327 422 utquid:

23 462 110 526 Sed
142 465 177 524 ut
201 460 320 537 modus,
344 460 376 522 id
400 464 458 534 est,
481 458 567 521 notio
592 457 747 526 secunda.v
783 457 895 536 ltaque
919 451 958 515 τὸ
984 452 1059 533 quid
1083 451 1133 515 hic
1157 465 1330 529 nonoppo-

24 570 144 633 nitur
167 569 213 647 τῷ
255 566 347 646 quali,
381 565 437 629 sed
472 565 573 628 modo,
620 563 700 628 Nam
733 564 759 628 si
795 566 972 643 opponatur
1004 561 1049 640 aqi
1084 558 1176 638 quali,
1210 555 1328 636 species

31 672 298 757 praedicabitur
328 673 358 734 in
393 671 465 752 quid
497 672 536 736 de
568 671 702 734 homine.
747 669 828 733 Illud
860 687 946 749 ergo,
981 666 1062 746 quod
1096 662 1329 744 praedicatione

24 780 184 846 formali
203 779 405 860 praedicatur
422 779 461 841 de
480 778 564 841 omni
581 785 661 853 ente,
685 796 721 841 eo
740 776 841 854 modo,
865 793 925 856 quo
939 772 1065 836 cuilibet
1089 771 1153 835 enti
1177 767 1329 842 convenit,

30 888 174 952 dicitur
192 885 437 949 Transcendens.
472 883 647 964 Propterea
666 882 840 947 iormalitas
854 882 969 945 dicitur
983 878 1216 953 transcendens,
1241 873 1330 954 quasi

31 999 148 1060 trans
179 1011 269 1056 omne
300 1010 364 1069 ena,
396 993 620 1055 communitate
651 991 713 1054 scil.
747 989 888 1053 formalis
911 985 1162 1068 praedicationis.
1214 981 1256 1044 Et
1286 979 1330 1042 sie

31 1099 294 1165 Transcendeus
317 1098 445 1178 proprie
462 1098 576 1160 dicitur
593 1097 631 1159 de
653 1097 753 1161 tribus
776 1097 835 1158 illis
859 1091 1152 1158 transcendentibus
1180 1107 1241 1153 uno
1266 1085 1329 1155 scil.

36 1225 131 1272 vero
157 1211 188 1269 et
212 1205 303 1269 bono.
352 1204 394 1267 Et
417 1203 467 1268 hic
491 1212 538 1267 est
562 1204 733 1266 communis
757 1201 897 1265 vocabuli
923 1219 1004 1264 usus.

167 1319 194 1376 3.
218 1312 455 1375 Transcendens
473 1311 725 1374 communissima
745 1309 923 1390 significatu
942 1308 1006 1371 sive
1023 1306 1086 1370 late
1104 1305 1226 1381 dicitur,
1247 1300 1329 1382 quod

57 1419 257 1485 transcendit
286 1418 390 1481 omnia
420 1418 683 1498 praedicamenta.
731 1417 840 1496 Neque
871 1421 977 1478 tamen
1005 1414 1121 1476 idcirco
1150 1410 1227 1474 haec
1258 1413 1331 1471 sunt

56 1546 181 1591 summa
194 1522 320 1606 genera,
344 1544 400 1589 nec
421 1533 493 1587 sunt
511 1525 736 1588 universaliora
762 1523 929 1603 categoriis
954 1541 1010 1586 nec
1031 1527 1103 1585 sunt
1125 1517 1331 1598 κοριολέκτως

59 1633 259 1698 universalia.
293 1632 374 1695 Nam
396 1631 585 1695 universalia
608 1632 698 1694 simul
724 1637 755 1694 et
776 1650 837 1694 uno
862 1638 1013 1712 conceptu
1032 1629 1136 1692 omnia
1159 1621 1331 1705 singularia

59 1739 310 1820 complectuntur
334 1746 365 1802 et
388 1741 490 1802 animo
515 1744 623 1803 nostro
647 1738 822 1817 subjiciunt.
860 1737 901 1802 Αῖ
925 1757 988 1812 ens,
1015 1755 1120 1811 unum,
1138 1752 1256 1809 verum,
1271 1731 1326 1794 bo-

58 1865 142 1923 num,
166 1865 228 1909 non
252 1845 523 1925 comprehendunt
550 1845 641 1908 simul
672 1845 853 1926 singularia,
884 1846 939 1909 sed
968 1846 1115 1908 dicuntur
1138 1841 1268 1905 seorsim
1293 1837 1331 1900 de

58 1953 196 2034 singulis,
230 1971 292 2015 non
324 1971 413 2016 secus
446 1973 482 2016 ac
516 1951 633 2016 Caesar
665 1953 704 2015 de
736 1952 880 2016 omnibus
910 1951 1112 2016 Caesaribus:
1146 1967 1203 2012 nec
1226 1953 1331 2009 tamen

63 2060 132 2139 quis
166 2077 260 2139 quam
295 2058 463 2123 Caesarem
489 2059 603 2122 dixerit
636 2059 813 2122 universale
846 2064 901 2122 aut
934 2076 1032 2139 genus
1061 2076 1128 2121 esse
1160 2055 1331 2120 Caesarum

57 2166 164 2229 Molin.
211 2166 291 2246 Isag.
305 2165 365 2246 log.
391 2185 414 2229 c.
440 2174 467 2229 4.
481 2165 590 2229 Manet
613 2166 710 2246 igitur
734 2165 809 2228 illud
833 2163 1013 2245 Philosophi
1039 2159 1331 2245 molvdpoltqcoo:

57 2275 246 2357 κατηγορίαι
267 2270 420 2333 deductu
443 2272 529 2358 γένη,
555 2273 812 2353 praedicamenta
835 2277 909 2336 suut
927 2290 1049 2335 summa
1072 2269 1216 2351 genera.“

164 2377 223 2440 Hic
247 2377 344 2458 igitur
368 2381 405 2442 ut
424 2379 491 2457 jam
516 2397 614 2459 supra
638 2380 772 2442 diximus
797 2379 1009 2460 quaerendum
1034 2383 1090 2456 est,
1114 2377 1196 2439 unde
1219 2392 1332 2437 nomen

55 2484 347 2548 transcendentium
367 2484 520 2565 originem
534 2486 667 2563 duxerit,
691 2504 791 2566 neque
815 2491 892 2566 puto
917 2483 1041 2548 difficile
1065 2483 1202 2565 perspici
1219 2499 1332 2544 nomen

57 2591 346 2654 transcendentium
370 2597 456 2654 recte
482 2596 614 2668 tantum,
638 2593 808 2655 secundum
833 2593 973 2673 ipsorum
997 2591 1257 2655 scholasticorum
1282 2607 1333 2651 ex-

58 2697 243 2777 plicationes
276 2697 337 2760 illis
370 2698 548 2761 notionibus
581 2698 707 2779 imponi,
741 2703 895 2779 quatenus
928 2698 968 2762 ad
986 2697 1104 2761 -Denm
1142 2696 1332 2760 referuntur.

59 2802 141 2866 Nam
165 2805 298 2884 propria
316 2803 405 2868 verbi
428 2805 878 2886 transcendendisignificatio
902 2811 949 2868 est
976 2805 1191 2884 ,iiberEtwas
1208 2803 1334 2865 binaus-

60 2909 180 2989 gehen“
201 2915 233 2973 et
248 2911 334 2974 Deus
346 2911 571 2974 transcendens
584 2911 706 2989 dicitur,
732 2913 806 2992 quia
822 2913 1018 2976 transcendit
1037 2921 1162 2992 captum
1181 2915 1334 2984 nostrum,

60 3016 96 3079 ci.
119 3017 238 3083 Alsted.
268 3017 436 3099 Encyclop.
467 3018 515 3081 Ill
548 3037 575 3097 p.
609 3023 681 3082 574.
727 3019 847 3082 Eodem
880 3025 985 3082 autem
1019 3019 1111 3082 modo
1145 3015 1333 3080 vocabulum

61 3125 275 3204 accipiendum
300 3131 356 3200 est,
381 3144 449 3188 oum
475 3125 514 3188 de
538 3143 575 3188 eo
599 3133 670 3188 ente
699 3127 812 3206 agitur,
843 3127 926 3207 quod
955 3145 1017 3190 non
1048 3123 1232 3206 ,nobilitate
1256 3123 1334 3186 enti-

59 3232 154 3293 tatis“
181 3231 236 3293 sed
248 3233 492 3311 praedicationis
512 3233 737 3296 communitate
756 3251 851 3314 super
871 3233 1135 3314 praedicamentis
1153 3231 1332 3296 collocatur·

60 3337 141 3400 Nam
165 3337 240 3400 illud
266 3357 320 3401 ens
344 3339 575 3419 quodanunodo
600 3356 695 3418 super
718 3341 981 3419 praedicamentis
1003 3346 1176 3421 posuerunt
1200 3345 1232 3400 et
1254 3337 1334 3401 iece-

59 3448 143 3522 runt,
168 3445 251 3523 quod
275 3453 309 3507 ut
333 3445 483 3508 faciamus
507 3446 596 3510 facile
620 3467 676 3511 nos
701 3449 804 3512 induci
835 3466 927 3528 posse
951 3446 1143 3527 Schuppium
1174 3446 1279 3508 dicere
1302 3444 1333 3506 in

60 3551 244 3614 memoriam
269 3570 392 3616 revoco.
440 3552 559 3627 Quodsi
584 3557 764 3634 quaerimus
793 3574 853 3636 quo
886 3561 1030 3634 tempore
1060 3572 1173 3617 nomen
1196 3554 1333 3632 primum

62 3664 219 3728 occurrat,
242 3657 373 3738 adjuvat
397 3677 454 3722 nos
477 3660 615 3725 Joannes
638 3661 739 3742 Picus,
771 3661 824 3742 qui
855 3679 882 3740 q.
909 3666 947 3723 57
978 3661 1062 3724 inter
1093 3658 1335 3739 ,Conclusiones

61 3762 313 3842 philosophicas,
342 3765 494 3829 decimam
518 3768 646 3832 tertiam
671 3768 752 3832 hanc
775 3767 910 3848 profert:
959 3766 1040 3847 ,Seu
1070 3766 1335 3843 transcendentia,

64 3886 143 3947 quae
167 3871 256 3948 ponit
280 3874 452 3936 communis
477 3873 628 3952 doctrina,
659 3874 875 3954 ajunioribus
902 3874 1024 3938 Latinis
1054 3878 1127 3936 sunt
1154 3871 1267 3949 efficta,
1298 3892 1335 3936 ea

62 3980 94 4038 et
111 3973 224 4040 Graeci
246 3977 456 4060 Peripatetici,
481 3987 512 4044 et
535 3982 682 4061 princeps
707 4000 816 4044 eorum
836 3981 1024 4044 Aristoteles
1047 3981 1173 4044 nescit.“
1225 3979 1334 4042 Verbis

65 4082 221 4163 ,juniores
245 4084 368 4150 Latini“
396 4105 466 4150 cum
491 4089 635 4168 equidem
660 4089 857 4167 potissimum
880 4087 1030 4152 Boetiurn
1049 4085 1227 4164 sequisequi
1243 4093 1343 4156 usse.-
1396 4096 1403 4119 ⁴
