<?xml version="1.0" encoding="UTF-8"?>
<!DOCTYPE html PUBLIC "-//W3C//DTD XHTML 1.0 Transitional//EN"
    "http://www.w3.org/TR/xhtml1/DTD/xhtml1-transitional.dtd">
<html xmlns="http://www.w3.org/1999/xhtml" xml:lang="en" lang="en">
 <head>
  <title>
</title>
<meta http-equiv="Content-Type" content="text/html;charset=utf-8" />
  <meta name='ocr-system' content='tesseract 3.04.00' />
  <meta name='ocr-capabilities' content='ocr_page ocr_carea ocr_par ocr_line ocrx_word'/>
</head>
<body>
  <div class='ocr_page' id='page_1' title='image "./deoriginetermin00schmgoog_0032.png"; bbox 0 0 2968 4636; ppageno 0'>
   <div class='ocr_carea' id='block_1_1' title="bbox 636 245 902 346">
    <p class='ocr_par' dir='ltr' id='par_1_1' title="bbox 636 245 902 346">
     <span class='ocr_line' id='line_1_1' title="bbox 636 245 902 346; baseline -0.008 0"><span class='ocrx_word' id='word_1_1' title='bbox 636 245 846 346; x_wconf 44' lang='lat' dir='ltr'>WZLW</span> <span class='ocrx_word' id='word_1_2' title='bbox 900 281 902 288; x_wconf 67' lang='grc'><em>’</em></span> 
     </span>
    </p>
   </div>
   <div class='ocr_carea' id='block_1_2' title="bbox 9 447 1422 1818">
    <p class='ocr_par' dir='ltr' id='par_1_2' title="bbox 9 447 1380 859">
     <span class='ocr_line' id='line_1_2' title="bbox 88 447 1378 536; baseline -0.009 -16"><span class='ocrx_word' id='word_1_3' title='bbox 88 458 136 522; x_wconf 88' lang='lat' dir='ltr'>ab</span> <span class='ocrx_word' id='word_1_4' title='bbox 168 459 312 522; x_wconf 89' lang='lat' dir='ltr'>omnibus</span> <span class='ocrx_word' id='word_1_5' title='bbox 341 457 406 522; x_wconf 82' lang='lat' dir='ltr'>fere</span> <span class='ocrx_word' id='word_1_6' title='bbox 430 455 654 536; x_wconf 87' lang='lat' dir='ltr'>Metaphysicis</span> <span class='ocrx_word' id='word_1_7' title='bbox 678 475 736 536; x_wconf 90' lang='lat' dir='ltr'>pro</span> <span class='ocrx_word' id='word_1_8' title='bbox 768 453 1012 536; x_wconf 82' lang='lat' dir='ltr'>generalissimis</span> <span class='ocrx_word' id='word_1_9' title='bbox 1042 450 1132 520; x_wconf 77' lang='lat' dir='ltr'>nutis</span> <span class='ocrx_word' id='word_1_10' title='bbox 1163 447 1378 512; x_wconf 83' lang='lat' dir='ltr'>allectionibus</span> 
     </span>
     <span class='ocr_line' id='line_1_3' title="bbox 9 558 1380 642; baseline -0.007 -14"><span class='ocrx_word' id='word_1_11' title='bbox 9 577 10 582; x_wconf 76' lang='grc'>’</span> <span class='ocrx_word' id='word_1_12' title='bbox 88 563 276 642; x_wconf 83' lang='lat' dir='ltr'>habentur3</span> <span class='ocrx_word' id='word_1_13' title='bbox 301 563 408 626; x_wconf 90' lang='lat' dir='ltr'>dicunt</span> <span class='ocrx_word' id='word_1_14' title='bbox 428 563 510 626; x_wconf 87' lang='grc' dir='ltr'>ιιιιιιι</span> <span class='ocrx_word' id='word_1_15' title='bbox 527 581 619 625; x_wconf 91' lang='lat' dir='ltr'>omne</span> <span class='ocrx_word' id='word_1_16' title='bbox 637 581 691 626; x_wconf 93' lang='lat' dir='ltr'>ens</span> <span class='ocrx_word' id='word_1_17' title='bbox 716 581 783 626; x_wconf 89' lang='lat' dir='ltr'>esse</span> <span class='ocrx_word' id='word_1_18' title='bbox 807 581 912 638; x_wconf 91' lang='lat' dir='ltr'>unum,</span> <span class='ocrx_word' id='word_1_19' title='bbox 931 578 1039 624; x_wconf 87' lang='lat' dir='ltr'>verum</span> <span class='ocrx_word' id='word_1_20' title='bbox 1065 565 1096 622; x_wconf 94' lang='lat' dir='ltr'>et</span> <span class='ocrx_word' id='word_1_21' title='bbox 1120 558 1245 632; x_wconf 92' lang='lat' dir='ltr'>bonum,</span> <span class='ocrx_word' id='word_1_22' title='bbox 1270 573 1380 636; x_wconf 89' lang='lat' dir='ltr'>qnam-</span> 
     </span>
     <span class='ocr_line' id='line_1_4' title="bbox 89 661 1379 749; baseline -0.009 -15"><span class='ocrx_word' id='word_1_23' title='bbox 89 671 147 734; x_wconf 92' lang='lat' dir='ltr'>vis</span> <span class='ocrx_word' id='word_1_24' title='bbox 179 689 269 734; x_wconf 90' lang='lat' dir='ltr'>nemo</span> <span class='ocrx_word' id='word_1_25' title='bbox 288 663 332 733; x_wconf 72' lang='lat' dir='ltr'>‘de</span> <span class='ocrx_word' id='word_1_26' title='bbox 362 671 399 732; x_wconf 91' lang='lat' dir='ltr'>iis</span> <span class='ocrx_word' id='word_1_27' title='bbox 423 669 549 749; x_wconf 81' lang='lat' dir='ltr'><strong>cogitet.</strong></span> <span class='ocrx_word' id='word_1_28' title='bbox 590 668 706 732; x_wconf 89' lang='lat' dir='ltr'>Verum</span> <span class='ocrx_word' id='word_1_29' title='bbox 732 669 806 749; x_wconf 91' lang='lat' dir='ltr'>quid</span> <span class='ocrx_word' id='word_1_30' title='bbox 835 668 874 731; x_wconf 89' lang='lat' dir='ltr'>de</span> <span class='ocrx_word' id='word_1_31' title='bbox 897 667 946 729; x_wconf 90' lang='lat' dir='ltr'>his</span> <span class='ocrx_word' id='word_1_32' title='bbox 969 665 1204 746; x_wconf 84' lang='lat' dir='ltr'>intelligendum</span> <span class='ocrx_word' id='word_1_33' title='bbox 1229 663 1269 724; x_wconf 91' lang='lat' dir='ltr'>sit</span> <span class='ocrx_word' id='word_1_34' title='bbox 1294 661 1379 724; x_wconf 86' lang='lat' dir='ltr'>vide-</span> 
     </span>
     <span class='ocr_line' id='line_1_5' title="bbox 90 769 1379 859; baseline -0.01 -17"><span class='ocrx_word' id='word_1_35' title='bbox 90 778 206 842; x_wconf 83' lang='lat' dir='ltr'>bimus</span> <span class='ocrx_word' id='word_1_36' title='bbox 229 779 283 841; x_wconf 90' lang='lat' dir='ltr'>ubi</span> <span class='ocrx_word' id='word_1_37' title='bbox 304 778 434 859; x_wconf 82' lang='lat' dir='ltr'>seorsim</span> <span class='ocrx_word' id='word_1_38' title='bbox 453 795 705 858; x_wconf 90' lang='lat' dir='ltr'>unumquemque</span> <span class='ocrx_word' id='word_1_39' title='bbox 729 775 842 840; x_wconf 90' lang='lat' dir='ltr'>horum</span> <span class='ocrx_word' id='word_1_40' title='bbox 862 776 1069 840; x_wconf 85' lang='lat' dir='ltr'>terminorum</span> <span class='ocrx_word' id='word_1_41' title='bbox 1089 769 1379 856; x_wconf 67' lang='lat' dir='ltr'><strong>examinaverimus.</strong></span> 
     </span>
    </p>

    <p class='ocr_par' dir='ltr' id='par_1_3' title="bbox 9 865 1422 1818">
     <span class='ocr_line' id='line_1_6' title="bbox 210 865 1422 966; baseline -0.01 -18"><span class='ocrx_word' id='word_1_42' title='bbox 210 885 400 966; x_wconf 85' lang='lat' dir='ltr'>Incipiamus</span> <span class='ocrx_word' id='word_1_43' title='bbox 423 883 531 964; x_wconf 86' lang='lat' dir='ltr'>itaque</span> <span class='ocrx_word' id='word_1_44' title='bbox 555 903 573 946; x_wconf 89' lang='lat' dir='ltr'>a</span> <span class='ocrx_word' id='word_1_45' title='bbox 597 884 699 964; x_wconf 89' lang='lat' dir='ltr'>primo</span> <span class='ocrx_word' id='word_1_46' title='bbox 724 883 788 946; x_wconf 89' lang='lat' dir='ltr'>soil.</span> <span class='ocrx_word' id='word_1_47' title='bbox 817 883 893 946; x_wconf 93' lang='lat' dir='ltr'>Uno.</span> <span class='ocrx_word' id='word_1_48' title='bbox 928 865 1035 946; x_wconf 53' lang='lat' dir='ltr'>&#39;Hunc</span> <span class='ocrx_word' id='word_1_49' title='bbox 1070 879 1239 944; x_wconf 92' lang='lat' dir='ltr'>terminum</span> <span class='ocrx_word' id='word_1_50' title='bbox 1272 875 1380 938; x_wconf 89' lang='lat' dir='ltr'>dicunt</span> <span class='ocrx_word' id='word_1_51' title='bbox 1420 905 1422 910; x_wconf 86' lang='grc'><em>·</em></span> 
     </span>
     <span class='ocr_line' id='line_1_7' title="bbox 9 979 1379 1080; baseline -0.012 -23"><span class='ocrx_word' id='word_1_52' title='bbox 9 993 10 1080; x_wconf 65' lang='lat' dir='ltr'>J</span> <span class='ocrx_word' id='word_1_53' title='bbox 89 991 279 1074; x_wconf 87' lang='lat' dir='ltr'>significare</span> <span class='ocrx_word' id='word_1_54' title='bbox 303 991 421 1071; x_wconf 91' lang='lat' dir='ltr'>aliquid</span> <span class='ocrx_word' id='word_1_55' title='bbox 446 987 530 1053; x_wconf 83' lang='lat' dir='ltr'>reale</span> <span class='ocrx_word' id='word_1_56' title='bbox 563 996 654 1053; x_wconf 86' lang='lat' dir='ltr'>extra</span> <span class='ocrx_word' id='word_1_57' title='bbox 678 989 887 1054; x_wconf 86' lang='lat' dir='ltr'>intellectum:</span> <span class='ocrx_word' id='word_1_58' title='bbox 921 1007 1031 1052; x_wconf 89' lang='lat' dir='ltr'>verum</span> <span class='ocrx_word' id='word_1_59' title='bbox 1057 987 1206 1068; x_wconf 82' lang='lat' dir='ltr'>quidnam</span> <span class='ocrx_word' id='word_1_60' title='bbox 1231 982 1290 1044; x_wconf 93' lang='lat' dir='ltr'>hoc</span> <span class='ocrx_word' id='word_1_61' title='bbox 1314 979 1379 1044; x_wconf 87' lang='lat' dir='ltr'>enti</span> 
     </span>
     <span class='ocr_line' id='line_1_8' title="bbox 9 1089 1379 1177; baseline -0.013 -9"><span class='ocrx_word' id='word_1_62' title='bbox 9 1127 10 1168; x_wconf 76' lang='lat'>3</span> <span class='ocrx_word' id='word_1_63' title='bbox 92 1100 210 1176; x_wconf 86' lang='lat' dir='ltr'>addat,</span> <span class='ocrx_word' id='word_1_64' title='bbox 233 1099 375 1162; x_wconf 89' lang='lat' dir='ltr'>nesciunt</span> <span class='ocrx_word' id='word_1_65' title='bbox 399 1097 564 1177; x_wconf 84' lang='lat' dir='ltr'>explicare,</span> <span class='ocrx_word' id='word_1_66' title='bbox 589 1097 673 1177; x_wconf 90' lang='lat' dir='ltr'>qnod</span> <span class='ocrx_word' id='word_1_67' title='bbox 698 1097 774 1160; x_wconf 88' lang='lat' dir='ltr'>satis</span> <span class='ocrx_word' id='word_1_68' title='bbox 799 1095 946 1172; x_wconf 77' lang='lat' dir='ltr'>ostendit,</span> <span class='ocrx_word' id='word_1_69' title='bbox 971 1094 1041 1157; x_wconf 90' lang='lat' dir='ltr'>illos</span> <span class='ocrx_word' id='word_1_70' title='bbox 1054 1093 1139 1156; x_wconf 90' lang='lat' dir='ltr'>entia</span> <span class='ocrx_word' id='word_1_71' title='bbox 1151 1089 1283 1155; x_wconf 90' lang='lat' dir='ltr'>rationis</span> <span class='ocrx_word' id='word_1_72' title='bbox 1308 1105 1379 1166; x_wconf 90' lang='lat' dir='ltr'>cum</span> 
     </span>
     <span class='ocr_line' id='line_1_9' title="bbox 94 1198 1380 1282; baseline -0.01 -12"><span class='ocrx_word' id='word_1_73' title='bbox 94 1212 177 1270; x_wconf 91' lang='lat' dir='ltr'>ente</span> <span class='ocrx_word' id='word_1_74' title='bbox 207 1205 285 1268; x_wconf 85' lang='lat' dir='ltr'>reali</span> <span class='ocrx_word' id='word_1_75' title='bbox 309 1203 508 1280; x_wconf 84' lang='lat' dir='ltr'>confundere,</span> <span class='ocrx_word' id='word_1_76' title='bbox 533 1221 594 1282; x_wconf 91' lang='lat' dir='ltr'>qno</span> <span class='ocrx_word' id='word_1_77' title='bbox 619 1201 757 1266; x_wconf 87' lang='lat' dir='ltr'>efficiunt</span> <span class='ocrx_word' id='word_1_78' title='bbox 780 1209 815 1266; x_wconf 92' lang='lat' dir='ltr'>ut</span> <span class='ocrx_word' id='word_1_79' title='bbox 839 1203 879 1279; x_wconf 86' lang='lat' dir='ltr'>id,</span> <span class='ocrx_word' id='word_1_80' title='bbox 904 1201 987 1282; x_wconf 89' lang='lat' dir='ltr'>quod</span> <span class='ocrx_word' id='word_1_81' title='bbox 1000 1201 1084 1263; x_wconf 88' lang='lat' dir='ltr'>clare</span> <span class='ocrx_word' id='word_1_82' title='bbox 1096 1198 1284 1278; x_wconf 84' lang='lat' dir='ltr'>intelligunt,</span> <span class='ocrx_word' id='word_1_83' title='bbox 1308 1212 1380 1258; x_wconf 90' lang='lat' dir='ltr'>con-</span> 
     </span>
     <span class='ocr_line' id='line_1_10' title="bbox 94 1301 1378 1386; baseline -0.011 -10"><span class='ocrx_word' id='word_1_84' title='bbox 94 1311 206 1376; x_wconf 87' lang='lat' dir='ltr'>fusum</span> <span class='ocrx_word' id='word_1_85' title='bbox 234 1311 378 1375; x_wconf 84' lang='lat' dir='ltr'>reddant.</span> <span class='ocrx_word' id='word_1_86' title='bbox 425 1309 490 1374; x_wconf 90' lang='lat' dir='ltr'>Nos</span> <span class='ocrx_word' id='word_1_87' title='bbox 514 1316 619 1373; x_wconf 89' lang='lat' dir='ltr'>autem</span> <span class='ocrx_word' id='word_1_88' title='bbox 644 1309 775 1374; x_wconf 84' lang='lat' dir='ltr'>dicimus</span> <span class='ocrx_word' id='word_1_89' title='bbox 798 1308 961 1373; x_wconf 90' lang='lat' dir='ltr'>Unitatem</span> <span class='ocrx_word' id='word_1_90' title='bbox 985 1327 1004 1371; x_wconf 92' lang='lat' dir='ltr'>a</span> <span class='ocrx_word' id='word_1_91' title='bbox 1026 1325 1062 1370; x_wconf 86' lang='lat' dir='ltr'>rc</span> <span class='ocrx_word' id='word_1_92' title='bbox 1086 1307 1154 1386; x_wconf 92' lang='lat' dir='ltr'>ipsa</span> <span class='ocrx_word' id='word_1_93' title='bbox 1177 1305 1262 1367; x_wconf 90' lang='lat' dir='ltr'>nullo</span> <span class='ocrx_word' id='word_1_94' title='bbox 1286 1301 1378 1366; x_wconf 92' lang='lat' dir='ltr'>modo</span> 
     </span>
     <span class='ocr_line' id='line_1_11' title="bbox 96 1403 1380 1504; baseline -0.008 -22"><span class='ocrx_word' id='word_1_95' title='bbox 96 1413 263 1499; x_wconf 85' lang='lat' dir='ltr'>distingui,</span> <span class='ocrx_word' id='word_1_96' title='bbox 287 1417 335 1481; x_wconf 91' lang='lat' dir='ltr'>vel</span> <span class='ocrx_word' id='word_1_97' title='bbox 360 1403 423 1480; x_wconf 85' lang='lat' dir='ltr'>enti</span> <span class='ocrx_word' id='word_1_98' title='bbox 448 1416 524 1479; x_wconf 87' lang='lat' dir='ltr'>nihil</span> <span class='ocrx_word' id='word_1_99' title='bbox 554 1417 685 1494; x_wconf 80' lang='lat' dir='ltr'>addere3</span> <span class='ocrx_word' id='word_1_100' title='bbox 718 1417 773 1480; x_wconf 88' lang='lat' dir='ltr'>sed</span> <span class='ocrx_word' id='word_1_101' title='bbox 803 1421 927 1479; x_wconf 92' lang='lat' dir='ltr'>tantum</span> <span class='ocrx_word' id='word_1_102' title='bbox 958 1414 1085 1504; x_wconf 91' lang='lat' dir='ltr'>modum</span> <span class='ocrx_word' id='word_1_103' title='bbox 1114 1411 1273 1493; x_wconf 86' lang='lat' dir='ltr'>cogitandi</span> <span class='ocrx_word' id='word_1_104' title='bbox 1304 1427 1380 1486; x_wconf 88' lang='lat' dir='ltr'>esse,</span> 
     </span>
     <span class='ocr_line' id='line_1_12' title="bbox 98 1517 1381 1606; baseline -0.009 -17"><span class='ocrx_word' id='word_1_105' title='bbox 98 1544 167 1606; x_wconf 90' lang='lat' dir='ltr'>quo</span> <span class='ocrx_word' id='word_1_106' title='bbox 190 1543 257 1588; x_wconf 86' lang='lat' dir='ltr'>rem</span> <span class='ocrx_word' id='word_1_107' title='bbox 289 1523 327 1587; x_wconf 90' lang='lat' dir='ltr'>ab</span> <span class='ocrx_word' id='word_1_108' title='bbox 352 1523 423 1586; x_wconf 89' lang='lat' dir='ltr'>aliis</span> <span class='ocrx_word' id='word_1_109' title='bbox 451 1541 644 1604; x_wconf 75' lang='lat' dir='ltr'>separamus</span> <span class='ocrx_word' id='word_1_110' title='bbox 676 1541 755 1602; x_wconf 89' lang='lat' dir='ltr'>qnae</span> <span class='ocrx_word' id='word_1_111' title='bbox 786 1523 846 1602; x_wconf 92' lang='lat' dir='ltr'>ipsi</span> <span class='ocrx_word' id='word_1_112' title='bbox 875 1521 990 1586; x_wconf 91' lang='lat' dir='ltr'>similes</span> <span class='ocrx_word' id='word_1_113' title='bbox 1018 1525 1096 1592; x_wconf 32' lang='lat' dir='ltr'>,sunt</span> <span class='ocrx_word' id='word_1_114' title='bbox 1130 1519 1179 1582; x_wconf 90' lang='lat' dir='ltr'>vel</span> <span class='ocrx_word' id='word_1_115' title='bbox 1211 1536 1282 1580; x_wconf 90' lang='grc' dir='ltr'>ιιιιιι</span> <span class='ocrx_word' id='word_1_116' title='bbox 1311 1517 1381 1596; x_wconf 90' lang='lat' dir='ltr'>ipsa</span> 
     </span>
     <span class='ocr_line' id='line_1_13' title="bbox 98 1622 1380 1712; baseline -0.009 -18"><span class='ocrx_word' id='word_1_117' title='bbox 98 1631 210 1712; x_wconf 90' lang='lat' dir='ltr'>aliquo</span> <span class='ocrx_word' id='word_1_118' title='bbox 234 1631 326 1692; x_wconf 93' lang='lat' dir='ltr'>modo</span> <span class='ocrx_word' id='word_1_119' title='bbox 352 1630 567 1694; x_wconf 85' lang='lat' dir='ltr'>conveniunt.“</span> <span class='ocrx_word' id='word_1_120' title='bbox 606 1627 861 1708; x_wconf 75' lang='lat' dir='ltr'>Deinde&#39;paucis</span> <span class='ocrx_word' id='word_1_121' title='bbox 879 1629 984 1693; x_wconf 90' lang='lat' dir='ltr'>verbis</span> <span class='ocrx_word' id='word_1_122' title='bbox 1008 1628 1046 1690; x_wconf 92' lang='lat' dir='ltr'>de</span> <span class='ocrx_word' id='word_1_123' title='bbox 1066 1625 1266 1690; x_wconf 88' lang='lat' dir='ltr'>multitudine</span> <span class='ocrx_word' id='word_1_124' title='bbox 1289 1622 1380 1686; x_wconf 85' lang='lat' dir='ltr'>lactis</span> 
     </span>
     <span class='ocr_line' id='line_1_14' title="bbox 99 1718 1381 1818; baseline -0.007 -18"><span class='ocrx_word' id='word_1_125' title='bbox 99 1737 172 1818; x_wconf 82' lang='lat' dir='ltr'>agit</span> <span class='ocrx_word' id='word_1_126' title='bbox 197 1737 234 1798; x_wconf 86' lang='grc' dir='ltr'>ιιι</span> <span class='ocrx_word' id='word_1_127' title='bbox 258 1751 333 1799; x_wconf 82' lang='lat' dir='ltr'>vero</span> <span class='ocrx_word' id='word_1_128' title='bbox 359 1741 391 1799; x_wconf 91' lang='lat' dir='ltr'>et</span> <span class='ocrx_word' id='word_1_129' title='bbox 414 1735 493 1814; x_wconf 76' lang='lat' dir='ltr'>falso</span> <span class='ocrx_word' id='word_1_130' title='bbox 518 1736 576 1800; x_wconf 87' lang='lat' dir='ltr'>hoc</span> <span class='ocrx_word' id='word_1_131' title='bbox 603 1737 709 1802; x_wconf 92' lang='lat' dir='ltr'>modo:</span> <span class='ocrx_word' id='word_1_132' title='bbox 757 1735 863 1800; x_wconf 88' lang='lat' dir='ltr'>Prima</span> <span class='ocrx_word' id='word_1_133' title='bbox 892 1736 989 1816; x_wconf 84' lang='lat' dir='ltr'>igitur</span> <span class='ocrx_word' id='word_1_134' title='bbox 1014 1734 1080 1798; x_wconf 85' lang='lat' dir='ltr'>veri</span> <span class='ocrx_word' id='word_1_135' title='bbox 1116 1739 1148 1796; x_wconf 90' lang='lat' dir='ltr'>et</span> <span class='ocrx_word' id='word_1_136' title='bbox 1175 1718 1252 1795; x_wconf 51' lang='lat' dir='ltr'>¹falsi</span> <span class='ocrx_word' id='word_1_137' title='bbox 1285 1729 1381 1810; x_wconf 84' lang='lat' dir='ltr'>signi-</span> 
     </span>
    </p>
   </div>
   <div class='ocr_carea' id='block_1_3' title="bbox 99 1838 1475 1922">
    <p class='ocr_par' dir='ltr' id='par_1_4' title="bbox 99 1838 1475 1922">
     <span class='ocr_line' id='line_1_15' title="bbox 99 1838 1475 1922; baseline -0.007 -15"><span class='ocrx_word' id='word_1_138' title='bbox 99 1843 219 1919; x_wconf 88' lang='lat' dir='ltr'>ficatio,</span> <span class='ocrx_word' id='word_1_139' title='bbox 244 1849 347 1906; x_wconf 89' lang='lat' dir='ltr'>ortum</span> <span class='ocrx_word' id='word_1_140' title='bbox 372 1843 498 1906; x_wconf 84' lang='lat' dir='ltr'>videtur</span> <span class='ocrx_word' id='word_1_141' title='bbox 526 1843 650 1906; x_wconf 86' lang='lat' dir='ltr'>duxisse</span> <span class='ocrx_word' id='word_1_142' title='bbox 679 1862 698 1906; x_wconf 92' lang='lat' dir='ltr'>a</span> <span class='ocrx_word' id='word_1_143' title='bbox 728 1841 971 1919; x_wconf 72' lang='lat' dir='ltr'>narrationibus</span> <span class='ocrx_word' id='word_1_144' title='bbox 1003 1859 1102 1922; x_wconf 88' lang='lat' dir='ltr'>eaque</span> <span class='ocrx_word' id='word_1_145' title='bbox 1133 1838 1275 1904; x_wconf 85' lang='lat' dir='ltr'>narratio</span> <span class='ocrx_word' id='word_1_146' title='bbox 1305 1853 1381 1900; x_wconf 83' lang='lat' dir='ltr'>vera</span> <span class='ocrx_word' id='word_1_147' title='bbox 1423 1851 1426 1858; x_wconf 87' lang='lat'>·</span> <span class='ocrx_word' id='word_1_148' title='bbox 1473 1897 1475 1906; x_wconf 77' lang='grc'>,</span> 
     </span>
    </p>
   </div>
   <div class='ocr_carea' id='block_1_4' title="bbox 9 1935 1475 3418">
    <p class='ocr_par' dir='ltr' id='par_1_5' title="bbox 9 1935 1475 3418">
     <span class='ocr_line' id='line_1_16' title="bbox 99 1935 1394 2038; baseline -0.008 -24"><span class='ocrx_word' id='word_1_149' title='bbox 99 1951 189 2014; x_wconf 90' lang='lat' dir='ltr'>dicta</span> <span class='ocrx_word' id='word_1_150' title='bbox 212 1948 306 2012; x_wconf 89' lang='lat' dir='ltr'>fuisse</span> <span class='ocrx_word' id='word_1_151' title='bbox 331 1969 411 2030; x_wconf 89' lang='lat' dir='ltr'>quae</span> <span class='ocrx_word' id='word_1_152' title='bbox 436 1956 505 2013; x_wconf 85' lang='lat' dir='ltr'>erat</span> <span class='ocrx_word' id='word_1_153' title='bbox 492 1949 614 2038; x_wconf 88' lang='lat' dir='ltr'>tfacti</span> <span class='ocrx_word' id='word_1_154' title='bbox 581 1949 724 2030; x_wconf 90' lang='lat' dir='ltr'>tquod</span> <span class='ocrx_word' id='word_1_155' title='bbox 740 1967 852 2013; x_wconf 87' lang='lat' dir='ltr'>revera</span> <span class='ocrx_word' id='word_1_156' title='bbox 877 1967 934 2024; x_wconf 93' lang='lat' dir='ltr'>con</span> <span class='ocrx_word' id='word_1_157' title='bbox 936 1949 1067 2028; x_wconf 75' lang='lat' dir='ltr'>tigerat,</span> <span class='ocrx_word' id='word_1_158' title='bbox 1041 1945 1170 2009; x_wconf 84' lang='lat' dir='ltr'>tialsa</span> <span class='ocrx_word' id='word_1_159' title='bbox 1189 1961 1274 2020; x_wconf 87' lang='lat' dir='ltr'>vere,</span> <span class='ocrx_word' id='word_1_160' title='bbox 1299 1935 1394 2022; x_wconf 86' lang='lat' dir='ltr'>quae</span> 
     </span>
     <span class='ocr_line' id='line_1_17' title="bbox 99 2051 1381 2136; baseline -0.005 -17"><span class='ocrx_word' id='word_1_161' title='bbox 99 2063 176 2120; x_wconf 82' lang='lat' dir='ltr'>erat</span> <span class='ocrx_word' id='word_1_162' title='bbox 163 2056 289 2133; x_wconf 79' lang='lat' dir='ltr'>tlacti</span> <span class='ocrx_word' id='word_1_163' title='bbox 257 2057 403 2136; x_wconf 89' lang='lat' dir='ltr'>tquod</span> <span class='ocrx_word' id='word_1_164' title='bbox 432 2056 541 2119; x_wconf 92' lang='lat' dir='ltr'>nullibi</span> <span class='ocrx_word' id='word_1_165' title='bbox 574 2057 760 2136; x_wconf 85' lang='lat' dir='ltr'>contigerat</span> <span class='ocrx_word' id='word_1_166' title='bbox 807 2055 912 2135; x_wconf 76' lang='lat' dir='ltr'>Atque</span> <span class='ocrx_word' id='word_1_167' title='bbox 945 2054 1025 2118; x_wconf 84' lang='lat' dir='ltr'>hanc</span> <span class='ocrx_word' id='word_1_168' title='bbox 1055 2051 1238 2131; x_wconf 85' lang='lat' dir='ltr'>Philosophi</span> <span class='ocrx_word' id='word_1_169' title='bbox 1270 2053 1381 2129; x_wconf 86' lang='lat' dir='ltr'>postea</span> 
     </span>
     <span class='ocr_line' id='line_1_18' title="bbox 102 2155 1379 2243; baseline -0.008 -16"><span class='ocrx_word' id='word_1_170' title='bbox 102 2165 299 2243; x_wconf 89' lang='lat' dir='ltr'>usurparunt</span> <span class='ocrx_word' id='word_1_171' title='bbox 340 2161 386 2226; x_wconf 91' lang='lat' dir='ltr'>ad</span> <span class='ocrx_word' id='word_1_172' title='bbox 416 2163 626 2226; x_wconf 88' lang='lat' dir='ltr'>denotandam</span> <span class='ocrx_word' id='word_1_173' title='bbox 660 2162 910 2239; x_wconf 86' lang='lat' dir='ltr'>convenientiam</span> <span class='ocrx_word' id='word_1_174' title='bbox 952 2161 1040 2224; x_wconf 85' lang='lat' dir='ltr'>ideae</span> <span class='ocrx_word' id='word_1_175' title='bbox 1073 2177 1144 2222; x_wconf 90' lang='lat' dir='ltr'>cum</span> <span class='ocrx_word' id='word_1_176' title='bbox 1177 2175 1234 2221; x_wconf 87' lang='lat' dir='ltr'>suo</span> <span class='ocrx_word' id='word_1_177' title='bbox 1275 2155 1379 2218; x_wconf 88' lang='lat' dir='ltr'>ideato</span> 
     </span>
     <span class='ocr_line' id='line_1_19' title="bbox 9 2255 1381 2350; baseline -0.007 -17"><span class='ocrx_word' id='word_1_178' title='bbox 9 2255 10 2272; x_wconf 49' lang='lat'>¹</span> <span class='ocrx_word' id='word_1_179' title='bbox 102 2277 136 2333; x_wconf 84' lang='lat' dir='ltr'>et</span> <span class='ocrx_word' id='word_1_180' title='bbox 161 2275 287 2333; x_wconf 87' lang='lat' dir='ltr'>contra:</span> <span class='ocrx_word' id='word_1_181' title='bbox 313 2287 411 2348; x_wconf 87' lang='lat' dir='ltr'>quare</span> <span class='ocrx_word' id='word_1_182' title='bbox 436 2269 509 2332; x_wconf 89' lang='lat' dir='ltr'>idea</span> <span class='ocrx_word' id='word_1_183' title='bbox 531 2287 606 2332; x_wconf 85' lang='lat' dir='ltr'>vera</span> <span class='ocrx_word' id='word_1_184' title='bbox 630 2259 751 2332; x_wconf 82' lang='lat' dir='ltr'>dicitur</span> <span class='ocrx_word' id='word_1_185' title='bbox 770 2268 937 2350; x_wconf 80' lang='lat' dir='ltr'>illaquae</span> <span class='ocrx_word' id='word_1_186' title='bbox 960 2267 1051 2332; x_wconf 90' lang='lat' dir='ltr'>nobis</span> <span class='ocrx_word' id='word_1_187' title='bbox 1075 2265 1214 2330; x_wconf 86' lang='lat' dir='ltr'>ostendit</span> <span class='ocrx_word' id='word_1_188' title='bbox 1237 2281 1316 2340; x_wconf 88' lang='lat' dir='ltr'>rem,</span> <span class='ocrx_word' id='word_1_189' title='bbox 1345 2266 1381 2323; x_wconf 90' lang='lat' dir='ltr'>ut</span> 
     </span>
     <span class='ocr_line' id='line_1_20' title="bbox 83 2369 1381 2464; baseline -0.008 -22"><span class='ocrx_word' id='word_1_190' title='bbox 83 2369 91 2430; x_wconf 71' lang='grc' dir='ltr'>ᾗ</span> <span class='ocrx_word' id='word_1_191' title='bbox 102 2379 135 2442; x_wconf 96' lang='lat' dir='ltr'>in</span> <span class='ocrx_word' id='word_1_192' title='bbox 161 2395 195 2440; x_wconf 89' lang='lat' dir='ltr'>se</span> <span class='ocrx_word' id='word_1_193' title='bbox 219 2386 281 2448; x_wconf 87' lang='lat' dir='ltr'>est:</span> <span class='ocrx_word' id='word_1_194' title='bbox 306 2375 386 2440; x_wconf 81' lang='lat' dir='ltr'>falsa</span> <span class='ocrx_word' id='word_1_195' title='bbox 409 2395 493 2464; x_wconf 87' lang='lat' dir='ltr'>vero,</span> <span class='ocrx_word' id='word_1_196' title='bbox 518 2395 598 2457; x_wconf 90' lang='lat' dir='ltr'>quae</span> <span class='ocrx_word' id='word_1_197' title='bbox 630 2375 720 2439; x_wconf 87' lang='lat' dir='ltr'>nobis</span> <span class='ocrx_word' id='word_1_198' title='bbox 748 2375 890 2446; x_wconf 84' lang='lat' dir='ltr'>ostendit</span> <span class='ocrx_word' id='word_1_199' title='bbox 916 2393 984 2438; x_wconf 90' lang='lat' dir='ltr'>rem</span> <span class='ocrx_word' id='word_1_200' title='bbox 1014 2373 1114 2451; x_wconf 89' lang='lat' dir='ltr'>aliter,</span> <span class='ocrx_word' id='word_1_201' title='bbox 1146 2390 1241 2452; x_wconf 88' lang='lat' dir='ltr'>quam</span> <span class='ocrx_word' id='word_1_202' title='bbox 1269 2383 1381 2432; x_wconf 87' lang='lat' dir='ltr'>revera</span> 
     </span>
     <span class='ocr_line' id='line_1_21' title="bbox 103 2476 1389 2563; baseline -0.008 -15"><span class='ocrx_word' id='word_1_203' title='bbox 103 2489 168 2548; x_wconf 91' lang='lat' dir='ltr'>est:</span> <span class='ocrx_word' id='word_1_204' title='bbox 215 2483 309 2546; x_wconf 90' lang='lat' dir='ltr'>ldeae</span> <span class='ocrx_word' id='word_1_205' title='bbox 333 2484 415 2546; x_wconf 88' lang='lat' dir='ltr'>enim</span> <span class='ocrx_word' id='word_1_206' title='bbox 440 2483 516 2546; x_wconf 88' lang='lat' dir='ltr'>nihil</span> <span class='ocrx_word' id='word_1_207' title='bbox 540 2483 625 2546; x_wconf 91' lang='lat' dir='ltr'>aliud</span> <span class='ocrx_word' id='word_1_208' title='bbox 658 2489 739 2557; x_wconf 85' lang='lat' dir='ltr'>sunt,</span> <span class='ocrx_word' id='word_1_209' title='bbox 773 2501 866 2563; x_wconf 92' lang='lat' dir='ltr'>quam</span> <span class='ocrx_word' id='word_1_210' title='bbox 900 2481 1099 2545; x_wconf 88' lang='lat' dir='ltr'>narrationes</span> <span class='ocrx_word' id='word_1_211' title='bbox 1132 2479 1197 2542; x_wconf 89' lang='lat' dir='ltr'>sive</span> <span class='ocrx_word' id='word_1_212' title='bbox 1230 2476 1389 2544; x_wconf 77' lang='lat' dir='ltr'>historiae,</span> 
     </span>
     <span class='ocr_line' id='line_1_22' title="bbox 105 2581 1425 2669; baseline -0.007 -16"><span class='ocrx_word' id='word_1_213' title='bbox 105 2595 242 2653; x_wconf 80' lang='lat' dir='ltr'>naturae</span> <span class='ocrx_word' id='word_1_214' title='bbox 272 2590 433 2654; x_wconf 90' lang='lat' dir='ltr'>mentales.</span> <span class='ocrx_word' id='word_1_215' title='bbox 481 2590 586 2669; x_wconf 89' lang='lat' dir='ltr'>Atque</span> <span class='ocrx_word' id='word_1_216' title='bbox 610 2589 682 2652; x_wconf 89' lang='lat' dir='ltr'>hinc</span> <span class='ocrx_word' id='word_1_217' title='bbox 706 2595 816 2669; x_wconf 88' lang='lat' dir='ltr'>postea</span> <span class='ocrx_word' id='word_1_218' title='bbox 847 2587 1062 2668; x_wconf 87' lang='lat' dir='ltr'>metaphorice</span> <span class='ocrx_word' id='word_1_219' title='bbox 1080 2585 1237 2665; x_wconf 88' lang='lat' dir='ltr'>translata</span> <span class='ocrx_word' id='word_1_220' title='bbox 1272 2587 1320 2648; x_wconf 90' lang='lat' dir='ltr'>est</span> <span class='ocrx_word' id='word_1_221' title='bbox 1343 2581 1382 2646; x_wconf 90' lang='lat' dir='ltr'>ad</span> <span class='ocrx_word' id='word_1_222' title='bbox 1424 2615 1425 2618; x_wconf 18' lang='grc' dir='ltr'>ι</span> 
     </span>
     <span class='ocr_line' id='line_1_23' title="bbox 104 2685 1380 2774; baseline -0.005 -14"><span class='ocrx_word' id='word_1_223' title='bbox 104 2685 159 2761; x_wconf 82' lang='lat' dir='ltr'>res</span> <span class='ocrx_word' id='word_1_224' title='bbox 180 2702 293 2772; x_wconf 86' lang='lat' dir='ltr'>mutas,</span> <span class='ocrx_word' id='word_1_225' title='bbox 317 2701 351 2758; x_wconf 93' lang='lat' dir='ltr'>ut</span> <span class='ocrx_word' id='word_1_226' title='bbox 376 2714 445 2758; x_wconf 91' lang='lat' dir='ltr'>cum</span> <span class='ocrx_word' id='word_1_227' title='bbox 470 2697 601 2759; x_wconf 87' lang='lat' dir='ltr'>dicimus</span> <span class='ocrx_word' id='word_1_228' title='bbox 626 2714 734 2758; x_wconf 86' lang='lat' dir='ltr'>vemm</span> <span class='ocrx_word' id='word_1_229' title='bbox 765 2701 819 2758; x_wconf 91' lang='lat' dir='ltr'>aut</span> <span class='ocrx_word' id='word_1_230' title='bbox 806 2695 964 2758; x_wconf 88' lang='lat' dir='ltr'>tfalsum</span> <span class='ocrx_word' id='word_1_231' title='bbox 993 2711 1114 2771; x_wconf 87' lang='lat' dir='ltr'>aurum,</span> <span class='ocrx_word' id='word_1_232' title='bbox 1145 2693 1235 2774; x_wconf 88' lang='lat' dir='ltr'>quasi</span> <span class='ocrx_word' id='word_1_233' title='bbox 1269 2688 1380 2755; x_wconf 85' lang='lat' dir='ltr'>aurum</span> 
     </span>
     <span class='ocr_line' id='line_1_24' title="bbox 100 2801 1380 2912; baseline -0.005 -45.967"><span class='ocrx_word' id='word_1_234' title='bbox 100 2803 201 2866; x_wconf 91' lang='lat' dir='ltr'>nobis</span> <span class='ocrx_word' id='word_1_235' title='bbox 218 2809 492 2884; x_wconf 66' lang='lat' dir='ltr'>repraesentatum</span> <span class='ocrx_word' id='word_1_236' title='bbox 517 2803 634 2883; x_wconf 86' lang='lat' dir='ltr'>aliquid</span> <span class='ocrx_word' id='word_1_237' title='bbox 661 2802 699 2866; x_wconf 93' lang='lat' dir='ltr'>de</span> <span class='ocrx_word' id='word_1_238' title='bbox 723 2821 756 2865; x_wconf 91' lang='lat' dir='ltr'>se</span> <span class='ocrx_word' id='word_1_239' title='bbox 781 2803 849 2912; x_wconf 88' lang='lat' dir='ltr'>ipso</span> <span class='ocrx_word' id='word_1_240' title='bbox 876 2807 991 2879; x_wconf 88' lang='lat' dir='ltr'>narret,</span> <span class='ocrx_word' id='word_1_241' title='bbox 1022 2801 1144 2881; x_wconf 90' lang='lat' dir='ltr'>quod</span> <span class='ocrx_word' id='word_1_242' title='bbox 1137 2819 1168 2863; x_wconf 96' lang='lat' dir='ltr'>m</span> <span class='ocrx_word' id='word_1_243' title='bbox 1198 2819 1232 2864; x_wconf 86' lang='lat' dir='ltr'>sc</span> <span class='ocrx_word' id='word_1_244' title='bbox 1256 2805 1304 2862; x_wconf 87' lang='lat' dir='ltr'>est</span> <span class='ocrx_word' id='word_1_245' title='bbox 1290 2801 1380 2884; x_wconf 91' lang='lat' dir='ltr'>taut</span> 
     </span>
     <span class='ocr_line' id='line_1_25' title="bbox 106 2916 826 2992; baseline -0.001 -19"><span class='ocrx_word' id='word_1_246' title='bbox 106 2929 168 2973; x_wconf 89' lang='lat' dir='ltr'>non</span> <span class='ocrx_word' id='word_1_247' title='bbox 193 2916 249 2992; x_wconf 87' lang='lat' dir='ltr'>est.</span> <span class='ocrx_word' id='word_1_248' title='bbox 787 2965 790 2969; x_wconf 93' lang='lat'>.</span> <span class='ocrx_word' id='word_1_249' title='bbox 823 2965 826 2972; x_wconf 86' lang='lat'>.</span> 
     </span>
     <span class='ocr_line' id='line_1_26' title="bbox 38 3013 1380 3111; baseline -0.002 -32"><span class='ocrx_word' id='word_1_250' title='bbox 38 3099 40 3104; x_wconf 23' lang='grc' dir='ltr'>Ι</span> <span class='ocrx_word' id='word_1_251' title='bbox 213 3015 367 3090; x_wconf 81' lang='lat' dir='ltr'>Quocirca</span> <span class='ocrx_word' id='word_1_252' title='bbox 391 3017 483 3111; x_wconf 88' lang='lat' dir='ltr'>plane</span> <span class='ocrx_word' id='word_1_253' title='bbox 508 3016 630 3096; x_wconf 84' lang='lat' dir='ltr'>decepti</span> <span class='ocrx_word' id='word_1_254' title='bbox 655 3022 727 3078; x_wconf 91' lang='lat' dir='ltr'>sunt</span> <span class='ocrx_word' id='word_1_255' title='bbox 730 3015 812 3095; x_wconf 91' lang='lat' dir='ltr'>,qui</span> <span class='ocrx_word' id='word_1_256' title='bbox 834 3035 943 3079; x_wconf 68' lang='lat' dir='ltr'>venum</span> <span class='ocrx_word' id='word_1_257' title='bbox 963 3015 1170 3078; x_wconf 89' lang='lat' dir='ltr'>terminumt</span> <span class='ocrx_word' id='word_1_258' title='bbox 1156 3013 1380 3077; x_wconf 86' lang='lat' dir='ltr'>transcenden-</span> 
     </span>
     <span class='ocr_line' id='line_1_27' title="bbox 108 3101 1475 3202; baseline -0.001 -15.979"><span class='ocrx_word' id='word_1_259' title='bbox 108 3123 202 3186; x_wconf 86' lang='lat' dir='ltr'>talem</span> <span class='ocrx_word' id='word_1_260' title='bbox 226 3123 291 3184; x_wconf 90' lang='lat' dir='ltr'>sive</span> <span class='ocrx_word' id='word_1_261' title='bbox 324 3129 376 3186; x_wconf 92' lang='lat' dir='ltr'>ent</span> <span class='ocrx_word' id='word_1_262' title='bbox 378 3123 403 3184; x_wconf 93' lang='lat' dir='ltr'>is</span> <span class='ocrx_word' id='word_1_263' title='bbox 363 3107 535 3185; x_wconf 80' lang='lat' dir='ltr'>tafleet</span> <span class='ocrx_word' id='word_1_264' title='bbox 515 3133 672 3202; x_wconf 75' lang='lat' dir='ltr'>tionemj</span> <span class='ocrx_word' id='word_1_265' title='bbox 667 3122 851 3186; x_wconf 77' lang='lat' dir='ltr'>udicarunt.</span> <span class='ocrx_word' id='word_1_266' title='bbox 899 3121 979 3185; x_wconf 91' lang='lat' dir='ltr'>Nam</span> <span class='ocrx_word' id='word_1_267' title='bbox 1012 3122 1050 3184; x_wconf 89' lang='lat' dir='ltr'>de</span> <span class='ocrx_word' id='word_1_268' title='bbox 1083 3119 1218 3184; x_wconf 84' lang='lat' dir='ltr'>rebus&#39;</span> <span class='ocrx_word' id='word_1_269' title='bbox 1210 3120 1285 3202; x_wconf 79' lang='lat' dir='ltr'>ipsis</span> <span class='ocrx_word' id='word_1_270' title='bbox 1318 3139 1380 3184; x_wconf 91' lang='lat' dir='ltr'>non</span> <span class='ocrx_word' id='word_1_271' title='bbox 1414 3101 1416 3104; x_wconf 27' lang='lat'>⁵</span> <span class='ocrx_word' id='word_1_272' title='bbox 1474 3105 1475 3136; x_wconf 55' lang='lat'><strong>³</strong></span> 
     </span>
     <span class='ocr_line' id='line_1_28' title="bbox 108 3223 1475 3309; baseline -0.002 -17"><span class='ocrx_word' id='word_1_273' title='bbox 108 3229 165 3292; x_wconf 90' lang='lat' dir='ltr'>nisi</span> <span class='ocrx_word' id='word_1_274' title='bbox 192 3223 374 3309; x_wconf 87' lang='lat' dir='ltr'>improprie,</span> <span class='ocrx_word' id='word_1_275' title='bbox 398 3229 447 3292; x_wconf 89' lang='lat' dir='ltr'>vel</span> <span class='ocrx_word' id='word_1_276' title='bbox 471 3230 496 3291; x_wconf 86' lang='lat' dir='ltr'>si</span> <span class='ocrx_word' id='word_1_277' title='bbox 521 3229 620 3292; x_wconf 88' lang='lat' dir='ltr'>mavis</span> <span class='ocrx_word' id='word_1_278' title='bbox 632 3229 790 3292; x_wconf 86' lang='lat' dir='ltr'>rhetorice</span> <span class='ocrx_word' id='word_1_279' title='bbox 803 3228 983 3308; x_wconf 87' lang='lat' dir='ltr'>dicipotest</span> <span class='ocrx_word' id='word_1_280' title='bbox 1007 3233 1064 3292; x_wconf 87' lang='lat' dir='ltr'>etc.</span> <span class='ocrx_word' id='word_1_281' title='bbox 1112 3225 1173 3303; x_wconf 86' lang='lat' dir='ltr'>Qui</span> <span class='ocrx_word' id='word_1_282' title='bbox 1196 3232 1301 3290; x_wconf 91' lang='lat' dir='ltr'>autem</span> <span class='ocrx_word' id='word_1_283' title='bbox 1325 3226 1380 3290; x_wconf 92' lang='lat' dir='ltr'>bo·</span> <span class='ocrx_word' id='word_1_284' title='bbox 1474 3231 1475 3254; x_wconf 70' lang='lat'>³</span> 
     </span>
     <span class='ocr_line' id='line_1_29' title="bbox 109 3332 1379 3418; baseline -0.002 -19"><span class='ocrx_word' id='word_1_285' title='bbox 109 3355 178 3399; x_wconf 90' lang='lat' dir='ltr'>num</span> <span class='ocrx_word' id='word_1_286' title='bbox 204 3332 331 3416; x_wconf 90' lang='lat' dir='ltr'>aliquod</span> <span class='ocrx_word' id='word_1_287' title='bbox 356 3335 622 3418; x_wconf 89' lang='lat' dir='ltr'>Metaphysicum</span> <span class='ocrx_word' id='word_1_288' title='bbox 641 3337 831 3416; x_wconf 87' lang='lat' dir='ltr'>quaeritant,</span> <span class='ocrx_word' id='word_1_289' title='bbox 865 3335 948 3416; x_wconf 90' lang='lat' dir='ltr'>quod</span> <span class='ocrx_word' id='word_1_290' title='bbox 977 3337 1061 3398; x_wconf 93' lang='lat' dir='ltr'>omni</span> <span class='ocrx_word' id='word_1_291' title='bbox 1085 3339 1193 3398; x_wconf 89' lang='lat' dir='ltr'>careat</span> <span class='ocrx_word' id='word_1_292' title='bbox 1224 3339 1379 3414; x_wconf 87' lang='lat' dir='ltr'>respectu,</span> 
     </span>
    </p>
   </div>
   <div class='ocr_carea' id='block_1_5' title="bbox 109 3441 1475 3523">
    <p class='ocr_par' dir='ltr' id='par_1_6' title="bbox 109 3441 1475 3523">
     <span class='ocr_line' id='line_1_30' title="bbox 109 3441 1475 3523; baseline -0.002 -17"><span class='ocrx_word' id='word_1_293' title='bbox 109 3443 185 3506; x_wconf 82' lang='lat' dir='ltr'>salso</span> <span class='ocrx_word' id='word_1_294' title='bbox 217 3444 321 3522; x_wconf 87' lang='lat' dir='ltr'>aliquo</span> <span class='ocrx_word' id='word_1_295' title='bbox 354 3443 549 3523; x_wconf 85' lang='lat' dir='ltr'>praejudicio</span> <span class='ocrx_word' id='word_1_296' title='bbox 582 3443 744 3520; x_wconf 79' lang='lat' dir='ltr'>laborant3</span> <span class='ocrx_word' id='word_1_297' title='bbox 777 3461 889 3522; x_wconf 87' lang='lat' dir='ltr'>nempe</span> <span class='ocrx_word' id='word_1_298' title='bbox 926 3443 1009 3522; x_wconf 91' lang='lat' dir='ltr'>quod</span> <span class='ocrx_word' id='word_1_299' title='bbox 1042 3441 1274 3506; x_wconf 84' lang='lat' dir='ltr'>distinctionem</span> <span class='ocrx_word' id='word_1_300' title='bbox 1308 3458 1378 3504; x_wconf 90' lang='lat' dir='ltr'>cum</span> <span class='ocrx_word' id='word_1_301' title='bbox 1474 3465 1475 3486; x_wconf 71' lang='lat'>2</span> 
     </span>
    </p>
   </div>
   <div class='ocr_carea' id='block_1_6' title="bbox 80 3547 1475 4382">
    <p class='ocr_par' dir='ltr' id='par_1_7' title="bbox 80 3547 1475 4062">
     <span class='ocr_line' id='line_1_31' title="bbox 110 3547 1380 3660; baseline -0.003 -46"><span class='ocrx_word' id='word_1_302' title='bbox 110 3552 306 3614; x_wconf 87' lang='lat' dir='ltr'>distinctione</span> <span class='ocrx_word' id='word_1_303' title='bbox 329 3551 407 3660; x_wconf 81' lang='lat' dir='ltr'>¹reali</span> <span class='ocrx_word' id='word_1_304' title='bbox 432 3552 480 3614; x_wconf 90' lang='lat' dir='ltr'>vel</span> <span class='ocrx_word' id='word_1_305' title='bbox 505 3553 578 3615; x_wconf 93' lang='lat' dir='ltr'>mod</span> <span class='ocrx_word' id='word_1_306' title='bbox 612 3553 655 3614; x_wconf 89' lang='lat' dir='ltr'>ali</span> <span class='ocrx_word' id='word_1_307' title='bbox 690 3551 889 3616; x_wconf 82' lang='lat' dir='ltr'>confundant.</span> <span class='ocrx_word' id='word_1_308' title='bbox 945 3549 1152 3629; x_wconf 86' lang='lat' dir='ltr'>Distinguunt</span> <span class='ocrx_word' id='word_1_309' title='bbox 1182 3547 1264 3612; x_wconf 87' lang='lat' dir='ltr'>enim</span> <span class='ocrx_word' id='word_1_310' title='bbox 1297 3547 1380 3610; x_wconf 89' lang='lat' dir='ltr'>inter</span> 
     </span>
     <span class='ocr_line' id='line_1_32' title="bbox 110 3647 1380 3752; baseline -0.004 -31"><span class='ocrx_word' id='word_1_311' title='bbox 110 3677 171 3722; x_wconf 91' lang='lat' dir='ltr'>rem</span> <span class='ocrx_word' id='word_1_312' title='bbox 197 3659 352 3737; x_wconf 87' lang='lat' dir='ltr'>ipsamet</span> <span class='ocrx_word' id='word_1_313' title='bbox 323 3665 534 3736; x_wconf 86' lang='lat' dir='ltr'>econatnm,</span> <span class='ocrx_word' id='word_1_314' title='bbox 559 3661 610 3738; x_wconf 91' lang='lat' dir='ltr'>qui</span> <span class='ocrx_word' id='word_1_315' title='bbox 636 3647 666 3722; x_wconf 88' lang='lat' dir='ltr'>in</span> <span class='ocrx_word' id='word_1_316' title='bbox 692 3677 879 3739; x_wconf 88' lang='lat' dir='ltr'>unaquaque</span> <span class='ocrx_word' id='word_1_317' title='bbox 903 3675 938 3719; x_wconf 91' lang='lat' dir='ltr'>re</span> <span class='ocrx_word' id='word_1_318' title='bbox 966 3662 1014 3718; x_wconf 89' lang='lat' dir='ltr'>est</span> <span class='ocrx_word' id='word_1_319' title='bbox 1001 3655 1077 3717; x_wconf 89' lang='lat' dir='ltr'>tad</span> <span class='ocrx_word' id='word_1_320' title='bbox 1101 3673 1190 3718; x_wconf 91' lang='lat' dir='ltr'>suum</span> <span class='ocrx_word' id='word_1_321' title='bbox 1215 3671 1283 3752; x_wconf 86' lang='lat' dir='ltr'>esse</span> <span class='ocrx_word' id='word_1_322' title='bbox 1308 3672 1380 3717; x_wconf 90' lang='lat' dir='ltr'>con-</span> 
     </span>
     <span class='ocr_line' id='line_1_33' title="bbox 110 3749 1379 3846; baseline -0.003 -18"><span class='ocrx_word' id='word_1_323' title='bbox 110 3749 306 3843; x_wconf 82' lang='lat' dir='ltr'>servandum,</span> <span class='ocrx_word' id='word_1_324' title='bbox 331 3767 473 3845; x_wconf 89' lang='lat' dir='ltr'>quamvis</span> <span class='ocrx_word' id='word_1_325' title='bbox 504 3767 654 3844; x_wconf 89' lang='lat' dir='ltr'>nesciant</span> <span class='ocrx_word' id='word_1_326' title='bbox 686 3767 760 3846; x_wconf 88' lang='lat' dir='ltr'>quid</span> <span class='ocrx_word' id='word_1_327' title='bbox 791 3783 848 3845; x_wconf 88' lang='lat' dir='ltr'>per</span> <span class='ocrx_word' id='word_1_328' title='bbox 881 3768 974 3827; x_wconf 87' lang='lat' dir='ltr'>conat</span> <span class='ocrx_word' id='word_1_329' title='bbox 975 3782 1027 3826; x_wconf 93' lang='lat' dir='ltr'>um</span> <span class='ocrx_word' id='word_1_330' title='bbox 1060 3762 1091 3824; x_wconf 94' lang='lat' dir='ltr'>in</span> <span class='ocrx_word' id='word_1_331' title='bbox 1093 3761 1246 3842; x_wconf 86' lang='lat' dir='ltr'>telligant</span> <span class='ocrx_word' id='word_1_332' title='bbox 1226 3760 1379 3824; x_wconf 89' lang='lat' dir='ltr'>tHaec</span> 
     </span>
     <span class='ocr_line' id='line_1_34' title="bbox 110 3861 1475 3952; baseline -0.003 -18"><span class='ocrx_word' id='word_1_333' title='bbox 110 3871 187 3934; x_wconf 84' lang='lat' dir='ltr'>enim</span> <span class='ocrx_word' id='word_1_334' title='bbox 223 3872 298 3948; x_wconf 89' lang='lat' dir='ltr'>duo,</span> <span class='ocrx_word' id='word_1_335' title='bbox 338 3873 479 3952; x_wconf 87' lang='lat' dir='ltr'>quamvis</span> <span class='ocrx_word' id='word_1_336' title='bbox 514 3873 645 3949; x_wconf 81' lang='lat' dir='ltr'>ratione,</span> <span class='ocrx_word' id='word_1_337' title='bbox 670 3865 725 3935; x_wconf 84' lang='lat' dir='ltr'>seu</span> <span class='ocrx_word' id='word_1_338' title='bbox 758 3877 813 3952; x_wconf 93' lang='lat' dir='ltr'>pot</span> <span class='ocrx_word' id='word_1_339' title='bbox 814 3872 862 3934; x_wconf 91' lang='lat' dir='ltr'>ius</span> <span class='ocrx_word' id='word_1_340' title='bbox 886 3870 994 3934; x_wconf 87' lang='lat' dir='ltr'>verbis</span> <span class='ocrx_word' id='word_1_341' title='bbox 1018 3869 1080 3932; x_wconf 85' lang='lat' dir='ltr'>dist</span> <span class='ocrx_word' id='word_1_342' title='bbox 1067 3868 1261 3948; x_wconf 87' lang='lat' dir='ltr'>tinguantur,</span> <span class='ocrx_word' id='word_1_343' title='bbox 1297 3868 1380 3948; x_wconf 92' lang='lat' dir='ltr'>quod</span> <span class='ocrx_word' id='word_1_344' title='bbox 1474 3861 1475 3896; x_wconf 67' lang='lat'><em>³</em></span> 
     </span>
     <span class='ocr_line' id='line_1_35' title="bbox 80 3963 1326 4062; baseline -0.004 -20"><span class='ocrx_word' id='word_1_345' title='bbox 80 4002 83 4008; x_wconf 93' lang='lat'>·</span> <span class='ocrx_word' id='word_1_346' title='bbox 110 3963 241 4042; x_wconf 83' lang='lat' dir='ltr'>niauime</span> <span class='ocrx_word' id='word_1_347' title='bbox 266 3981 349 4058; x_wconf 88' lang='lat' dir='ltr'>ipsos</span> <span class='ocrx_word' id='word_1_348' title='bbox 363 3979 508 4059; x_wconf 87' lang='lat' dir='ltr'>decepit,</span> <span class='ocrx_word' id='word_1_349' title='bbox 532 3979 627 4042; x_wconf 93' lang='lat' dir='ltr'>mullo</span> <span class='ocrx_word' id='word_1_350' title='bbox 654 3979 745 4041; x_wconf 90' lang='lat' dir='ltr'>modo</span> <span class='ocrx_word' id='word_1_351' title='bbox 770 3979 876 4058; x_wconf 88' lang='lat' dir='ltr'>reipsa</span> <span class='ocrx_word' id='word_1_352' title='bbox 899 3978 982 4040; x_wconf 88' lang='lat' dir='ltr'>inter</span> <span class='ocrx_word' id='word_1_353' title='bbox 1006 3995 1039 4040; x_wconf 92' lang='lat' dir='ltr'>se</span> <span class='ocrx_word' id='word_1_354' title='bbox 1063 3974 1326 4062; x_wconf 80' lang='lat' dir='ltr'>distinguuntur.“</span> 
     </span>
    </p>

    <p class='ocr_par' dir='ltr' id='par_1_8' title="bbox 110 4081 1379 4271">
     <span class='ocr_line' id='line_1_36' title="bbox 213 4081 1379 4174; baseline -0.003 -26"><span class='ocrx_word' id='word_1_355' title='bbox 213 4085 259 4148; x_wconf 92' lang='lat' dir='ltr'>De</span> <span class='ocrx_word' id='word_1_356' title='bbox 282 4086 424 4150; x_wconf 89' lang='lat' dir='ltr'>terminis</span> <span class='ocrx_word' id='word_1_357' title='bbox 452 4105 534 4164; x_wconf 72' lang='lat' dir='ltr'>,eps</span> <span class='ocrx_word' id='word_1_358' title='bbox 547 4104 598 4148; x_wconf 88' lang='lat' dir='ltr'>res</span> <span class='ocrx_word' id='word_1_359' title='bbox 600 4086 758 4166; x_wconf 78' lang='lat' dir='ltr'>,aliquid‘</span> <span class='ocrx_word' id='word_1_360' title='bbox 786 4085 852 4166; x_wconf 86' lang='lat' dir='ltr'>agit</span> <span class='ocrx_word' id='word_1_361' title='bbox 877 4083 1029 4164; x_wconf 82' lang='lat' dir='ltr'>Spinoza:</span> <span class='ocrx_word' id='word_1_362' title='bbox 1064 4081 1135 4174; x_wconf 84' lang='lat' dir='ltr'>Eth.</span> <span class='ocrx_word' id='word_1_363' title='bbox 1156 4081 1186 4144; x_wconf 94' lang='lat' dir='ltr'>ll</span> <span class='ocrx_word' id='word_1_364' title='bbox 1210 4081 1379 4159; x_wconf 90' lang='lat' dir='ltr'>demente,</span> 
     </span>
     <span class='ocr_line' id='line_1_37' title="bbox 110 4191 379 4271; baseline -0.004 -16"><span class='ocrx_word' id='word_1_365' title='bbox 110 4192 165 4255; x_wconf 92' lang='lat' dir='ltr'>vol.</span> <span class='ocrx_word' id='word_1_366' title='bbox 189 4191 272 4271; x_wconf 93' lang='lat' dir='ltr'>le.</span> <span class='ocrx_word' id='word_1_367' title='bbox 302 4197 379 4254; x_wconf 83' lang='lat'>112:</span> 
     </span>
    </p>

    <p class='ocr_par' dir='ltr' id='par_1_9' title="bbox 212 4296 1381 4382">
     <span class='ocr_line' id='line_1_38' title="bbox 212 4296 1381 4382; baseline -0.003 -20"><span class='ocrx_word' id='word_1_368' title='bbox 212 4297 303 4378; x_wconf 70' lang='lat' dir='ltr'>„Ena</span> <span class='ocrx_word' id='word_1_369' title='bbox 326 4317 387 4376; x_wconf 83' lang='lat' dir='ltr'>res,</span> <span class='ocrx_word' id='word_1_370' title='bbox 411 4299 552 4382; x_wconf 87' lang='lat' dir='ltr'>aliquid</span> <span class='ocrx_word' id='word_1_371' title='bbox 560 4300 687 4362; x_wconf 88' lang='lat' dir='ltr'>termini</span> <span class='ocrx_word' id='word_1_372' title='bbox 711 4297 1014 4362; x_wconf 82' lang='lat' dir='ltr'>Transcendentales</span> <span class='ocrx_word' id='word_1_373' title='bbox 1050 4297 1125 4361; x_wconf 91' lang='lat' dir='ltr'>dicti</span> <span class='ocrx_word' id='word_1_374' title='bbox 1160 4316 1198 4361; x_wconf 81' lang='lat' dir='ltr'>ex</span> <span class='ocrx_word' id='word_1_375' title='bbox 1227 4297 1287 4361; x_wconf 92' lang='lat' dir='ltr'>hoc</span> <span class='ocrx_word' id='word_1_376' title='bbox 1318 4296 1381 4360; x_wconf 93' lang='lat' dir='ltr'>ori-</span> 
     </span>
    </p>
   </div>
   <div class='ocr_carea' id='block_1_7' title="bbox 0 0 1507 4636">
    <p class='ocr_par' dir='ltr' id='par_1_10' title="bbox 0 0 1507 4636">
     <span class='ocr_line' id='line_1_39' title="bbox 0 0 1507 4636; baseline 0 0"><span class='ocrx_word' id='word_1_377' title='bbox 0 0 1507 4636; x_wconf 95' lang='lat' dir='ltr'> </span> 
     </span>
    </p>
   </div>
  </div>
 </body>
</html>
