2834 4514
562 129 772 231 max

32 339 251 422 Copiosissime
276 340 314 404 de
337 340 632 406 transcendentibus
656 341 722 423 agit
745 341 765 406 J
768 359 884 405 oannes
908 340 1065 407 Henricus
1087 342 1263 409 distedius'·
1343 328 1396 419 ¹⁹),

31 445 193 529 professor
230 446 473 529 Herbornensis‚
511 448 564 528 qui
601 466 792 529 quamquam
828 448 912 528 quod
949 450 988 513 ad
1020 456 1163 515 aetatem
1193 454 1305 517 attic
1333 450 1399 508 -ssei

31 552 225 619 scholasticis
258 571 320 617 non
354 553 607 617 adnumerandus
640 560 696 632 est,
743 562 848 619 tamen
884 555 914 618 in
947 556 1164 639 metaphysica
1198 572 1321 624 eor-⁷
1337 567 1404 619 olm

34 661 211 726 doctrinam
233 660 372 724 retinuit.
404 659 501 741 Cujus
524 660 583 724 viri
606 660 703 724 libros
727 668 763 725 ut
791 661 849 725 hac
872 662 903 724 in
934 662 1149 743 disputatione
1172 666 1298 730 maxi(
1315 655 1408 728 jine

32 768 261 849 respiceremus
298 766 420 830 duabus
455 767 653 846 potissimum
689 768 790 831 causis
825 770 973 832 commoti
1007 787 1133 834 sumus:
1168 772 1341 852 primi!
1357 782 1411 839 um

33 876 117 940 enim
139 874 281 951 aliorum,
312 874 366 953 qui
397 892 498 954 aeque
530 874 656 954 copiose
689 874 728 937 de
762 876 1058 939 transcendentibus
1092 882 1203 959 agunt,
1236 876 1305 942 lif
1319 868 1413 949 ibri

32 1000 94 1046 non
117 986 245 1063 praesto
269 985 369 1059 erant,
393 985 561 1061 praetcrea
584 985 691 1044 autem
714 982 766 1043 vix
791 982 955 1063 quisquam
986 981 1068 1046 inter
1100 983 1334 1049 scholasti)
1354 999 1413 1058 cos

32 1089 117 1170 ipsos
140 1087 275 1168 reperiri
298 1087 424 1167 poterit,
449 1087 502 1167 qui
526 1088 636 1152 eodem
660 1087 777 1168 ingenii
801 1089 944 1152 acumine
968 1095 999 1152 et
1023 1089 1134 1154 eadem
1154 1093 1296 1156 oratiot
1316 1097 1409 1170 ⁴ois

32 1194 257 1276 perspicuitate
282 1211 355 1258 usus
379 1194 426 1258 sit.
474 1192 579 1270 Quare
604 1195 745 1258 excusari
769 1200 855 1274 puto,
880 1196 963 1275 quod
988 1196 1046 1258 boc
1080 1196 1209 1262 demum
1240 1200 1403 1276 imm

36 1301 214 1367 accuratius
239 1300 277 1363 de
300 1300 432 1381 singulis
455 1300 597 1364 terminis
622 1319 760 1381 agemus.

140 1425 312 1489 Praeterea
336 1424 486 1488 hocloco
510 1425 805 1505 aptissimeveniam
829 1444 944 1506 rogare
968 1444 1060 1506 posse
1086 1428 1162 1490 mihi
1186 1429 1372 1521 vido-an,

34 1533 117 1615 quod
151 1534 293 1614 ipsorum
339 1530 598 1612 philosophorum
648 1533 870 1612 explicationes
916 1533 1102 1616 plerumque
1146 1537 1356 1617 exscripsi

34 1640 127 1717 Quod
151 1659 200 1703 me
235 1643 406 1719 propterca
429 1636 540 1702 iecisse
563 1639 652 1716 scias,
674 1640 747 1718 quia
771 1639 797 1701 si
821 1657 929 1702 eorum
954 1643 1126 1704 sententias
1158 1643 1227 1722 ipse
1257 1656 1340 1706 ea·

32 1764 151 1829 ponere
173 1745 341 1809 voluissem
365 1745 470 1809 studio
494 1746 566 1825 puri
589 1746 742 1809 sermonis
772 1746 883 1808 ductus
916 1747 1145 1811 molestissimis
1175 1751 1320 1814 circum-

33 1852 256 1933 scriptionibus
279 1853 325 1916 uti
349 1851 526 1916 debuissem
549 1870 651 1932 neque
674 1858 780 1915 tauron
804 1852 1028 1916 obscmitatem
1055 1854 1233 1919 evitassem.
1412 1890 1417 1920 t

139 1976 280 2040 Primum
304 1975 680 2057 Metaphysicaelibrum
694 1975 1031 2040 destinavitAlstedius
1055 1980 1301 2044 transcendenti-

31 2084 89 2149 bus
112 2089 144 2148 et
167 2103 237 2148 cum
262 2102 409 2165 magnam
433 2084 555 2163 copiam
579 2083 742 2147 doctrinae
766 2103 803 2148 ex
827 2084 895 2146 aliis
919 2084 1137 2164 scriptoribus,
1170 2105 1301 2168 quorum

33 2191 110 2255 alios
133 2191 274 2254 nominat
298 2190 367 2254 aliis
389 2190 485 2253 tacite
518 2189 626 2266 utitur,
673 2191 866 2270 congesserit
897 2190 947 2252 vix
980 2191 1070 2254 uobis
1102 2193 1302 2258 metuendum

32 2303 89 2381 est,
114 2316 152 2362 ne
177 2297 260 2378 quid,
284 2297 369 2377 quod
393 2313 453 2359 non
478 2296 592 2359 nullius
616 2297 765 2359 momenti
789 2298 838 2375 sit,
862 2315 919 2361 nos
942 2296 1052 2378 fugiat.

138 2421 253 2501 Incipit
277 2440 344 2502 cap.
372 2427 385 2484 l
412 2439 570 2502 exponens
595 2420 633 2484 de
661 2421 786 2485 nomine
821 2423 1120 2502 transcendentium,
1144 2425 1185 2488 ad
1222 2426 1306 2507 quod

35 2527 253 2609 explicandum
293 2527 415 2591 duabus
449 2526 626 2591 rationibus
660 2528 768 2592 utitur.
814 2529 899 2590 Dicit
931 2529 1014 2592 enim
1050 2529 1309 2608 „Transcendens

34 2642 91 2714 est,
122 2634 205 2715 qnod
235 2634 267 2697 in
301 2633 386 2698 nullo
422 2639 470 2698 est
501 2634 768 2715 praedicamento,
803 2641 938 2716 vagatur
970 2640 1077 2699 tamen
1110 2655 1167 2717 per
1200 2639 1310 2704 omnia

34 2741 300 2824 praedicamenta.
346 2740 538 2805 Molinaeus:
563 2742 676 2805 introd.
701 2742 760 2823 log.
786 2761 811 2805 c.
836 2745 882 2805 df‘
907 2748 938 2805 ct
974 2743 1116 2819 „Dicitur
1144 2752 1310 2810 transcen-

34 2848 110 2912 dens
123 2844 201 2932 (scil.
225 2847 294 2932 ens)
320 2849 409 2928 quasi
432 2853 521 2911 trans
546 2866 637 2912 omne
662 2866 724 2927 ens,
749 2849 798 2912 vel
823 2849 912 2929 quasi
935 2850 1094 2913 transiens
1117 2869 1210 2914 omne
1242 2870 1308 2916 ens

33 2953 212 3018 Armandus
236 2955 380 3018 debello
404 2955 473 3018 visu
497 2973 520 3018 c.
546 2960 617 3018 274.
641 2955 740 3035 quue
765 2956 918 3036 contingit
941 2955 1116 3036 tripliciter.

144 3085 169 3142 l.
216 3079 367 3143 Entltatis
390 3078 564 3158 nobilitate,
589 3080 633 3143 sic
656 3079 741 3143 solus
769 3080 855 3144 Deus
879 3085 927 3144 est
959 3081 1200 3160 transcendens;
1234 3084 1312 3165 qma

34 3186 117 3250 enim
140 3185 217 3249 nihil
240 3191 288 3250 est
312 3205 430 3264 eorum,
455 3205 536 3266 qnae
559 3191 640 3266 sunt,
663 3187 818 3268 siquidem
841 3205 938 3268 supra
962 3188 1066 3251 omnia
1090 3193 1137 3252 est
1161 3194 1193 3253 et
1216 3207 1311 3255 exsu-

34 3298 128 3374 perat
150 3293 264 3372 omnia,
287 3293 405 3357 idcirco
435 3311 549 3357 nomen
579 3312 671 3358 omne
703 3300 829 3358 recusat
857 3312 894 3358 ac
924 3295 1119 3358 transcendit
1148 3296 1310 3377 universa,

35 3418 116 3480 quae
139 3399 295 3463 nominari
318 3403 451 3480 possunt
474 3406 531 3463 etc.

140 3510 168 3569 2.
215 3505 453 3570 Transcendens
498 3507 613 3571 dicitur
645 3526 708 3572 non
742 3508 781 3570 ab
817 3509 958 3571 entitatis
989 3508 1164 3573 nobibitate
1199 3511 1256 3574 sed
1289 3531 1311 3577 a

33 3613 276 3694 praedicationis
308 3615 541 3694 communitate,
566 3620 597 3678 ct
621 3615 664 3678 sic
694 3615 770 3678 illud
807 3616 890 3696 quod
920 3621 1026 3696 potest
1057 3616 1238 3696 praedicari
1268 3618 1310 3684 de

33 3719 118 3783 omni
141 3730 222 3798 ente,
246 3719 360 3783 dicitur
382 3719 626 3786 Transcendens.

141 3823 348 3891 observanda
384 3833 489 3892 autem
524 3828 573 3892 hic
607 3829 722 3909 duplex
757 3829 960 3909 praedicatio,
994 3849 1056 3893 una
1089 3828 1239 3909 formalis,
1262 3839 1310 3911 ut,

36 3952 406 4050 ..maman-Hem&
426 3985 529 4039 Apstedi
548 3985 742 4055 Metepbysica.
798 3986 1260 4043 HerbornaeNassoviorum1613
1282 3997 1311 4042 et

140 4088 398 4144 iohannis-Haurici
416 4091 520 4146 Alstedi
543 4092 766 4162 Eucyclopaedia,
795 4099 895 4163 septem
914 4094 994 4147 tornis
1013 4093 1146 4148 distincta.
1182 4093 1304 4148 Harbor-

17 4187 75 4221 παι·
87 4175 295 4230 Nasaoviorum.
320 4182 398 4236 1630.
420 4185 483 4237 torn.
505 4181 544 4236 lll
561 4198 588 4251 p.
600 4183 653 4236 673
672 4183 804 4254 Encplop.
821 4183 841 4236 l.
857 4183 908 4238 xi.
924 4197 1078 4251 proponens
1096 4181 1248 4252 Metaphys.
1258 4188 1310 4243 etc.
