2834 4514
602 153 811 263 w..e...

64 377 240 443 cessarium
265 375 390 440 videtur
413 375 496 438 inter
518 372 594 437 illud
619 369 657 436 ὅν
681 374 765 456 quod
788 373 957 456 categoriis
980 371 1160 454 subjicitur,
1183 388 1264 452 quae
1286 388 1340 436 vo-

65 489 182 548 cantur
213 487 400 567 κατηγορίαι
435 477 528 553 docos
563 487 595 546 et
626 480 705 544 illud
737 481 822 563 quod
852 498 951 562 genus
974 497 1036 544 non
1060 495 1129 544 esse
1151 476 1339 543 Aristoteles

66 588 217 669 affirmat,
241 587 408 653 discrimen
432 592 590 666 statuere,
620 588 652 651 id
677 588 760 668 quod
784 588 938 653 evitamus
967 587 1097 666 accepta
1124 585 1339 667 interpretati-

65 715 127 761 one
151 695 288 760 Bonitzii
314 692 368 778 ¹4),
393 695 446 776 qui
469 712 623 758 summam
647 713 723 758 suae
743 695 785 758 'de
809 695 979 777 categoriis
1002 692 1211 758 Aristotelicis
1235 693 1340 773 dispu-

64 803 195 868 tationis
205 802 253 866 his
266 802 370 866 verbis
394 801 534 882 collegit:
562 801 639 882 „Die
651 801 845 883 Kategorieu
864 800 1053 866 bezeichnen
1070 800 1120 864 die
1138 797 1340 863 mehriachen

66 910 303 990 Bedeutungen,
329 908 443 972 welche
467 908 523 972 das
547 907 619 972 Sein
643 909 686 972 im
711 908 950 990 allgemeinsten
974 907 1070 973 Sinne
1094 906 1195 970 dieses
1213 905 1340 970 Wortes

65 1017 139 1094 hat;
172 1016 217 1079 sie
240 1015 310 1079 sind
334 1016 383 1079 die
408 1014 555 1080 obersten
585 1013 825 1094 Geschlechter,
852 1014 969 1080 welche
999 1013 1055 1079 das
1084 1017 1258 1095 gesammte
1281 1011 1340 1077 Be-

64 1121 154 1186 reich
178 1123 233 1185 des
258 1122 410 1186 Seienden
435 1139 469 1186 so
494 1121 678 1201 cinthcilen,
702 1122 774 1186 dass
794 1122 884 1202 jedes
908 1121 1041 1186 Seiende
1065 1121 1151 1184 einer
1174 1119 1354 1185 derselben-

64 1229 246 1309 angehiiren
259 1246 344 1292 muss
355 1229 419 1291 und
431 1227 518 1292 nicht
540 1227 861 1310 mehrerenzugleich
884 1227 1064 1310 angehdren
1077 1227 1188 1291 hann.“
1238 1225 1339 1303 Quam

63 1335 304 1415 explicationem
329 1335 355 1398 si
378 1340 521 1399 tenemus
544 1336 640 1400 etiam
664 1337 696 1400 id
719 1340 822 1417 patet,
847 1335 1005 1416 quomodo
1036 1334 1075 1398 de
1098 1334 1229 1415 singulis
1254 1338 1338 1398 cate-

63 1441 162 1522 goriis
186 1442 300 1506 iterum
324 1439 361 1503 ci
388 1438 425 1504 ὅν
448 1442 626 1522 praedicari
649 1444 757 1524 possit,
780 1443 813 1506 id
838 1442 921 1524 quod
945 1461 984 1513 en
1007 1440 1158 1523 Schuppii
1182 1441 1338 1506 sententia

60 1546 132 1611 fieri
155 1549 272 1628 nequit.
318 1548 391 1612 lam
415 1549 513 1630 igitur
536 1549 795 1631 investigavimus
819 1567 874 1614 cns
898 1553 930 1612 et
954 1567 1051 1612 unum
1067 1551 1190 1612 restant
1213 1548 1339 1627 bonum,

62 1673 188 1732 verum,
211 1672 271 1733 res,
296 1655 422 1734 aliquid.
468 1655 516 1718 De
539 1655 621 1719 bono
645 1658 760 1720 iterum
784 1655 928 1721 Boetium
957 1655 1154 1720 introducam
1183 1673 1339 1736 exponen-

61 1766 143 1839 tem,
168 1763 220 1842 qui
244 1762 369 1824 omnino
394 1762 477 1826 inter
500 1763 646 1843 antiquos
669 1761 873 1843 philosophos
904 1768 935 1826 et
958 1761 1162 1826 scholasticos
1185 1767 1337 1843 tanquam

61 1869 219 1948 interpres
242 1868 417 1933 intercedit.
464 1868 549 1932 Dicit
561 1869 616 1932 ille
639 1869 671 1932 in
694 1868 856 1952 opusculo,
881 1868 930 1932 cui
950 1868 1126 1949 inscripsit:
1153 1868 1222 1949 ,An
1246 1887 1337 1932 omne

62 1973 148 2054 quod
171 1979 234 2053 θεῖ,
258 1975 372 2039 bonum
398 1976 458 2038 sit“
486 1975 582 2058 (edit,
607 1993 702 2056 quam
725 1994 822 2056 supra
845 1975 1009 2040 attulimus
1032 1995 1061 2056 p.
1087 1973 1180 2057 962);
1219 1975 1337 2056 ,Tenet

61 2081 145 2144 enim
169 2082 340 2144 communis
364 2083 521 2146 sententia
544 2083 724 2160 doctorum,
749 2101 841 2146 omne
866 2081 949 2162 quod
973 2087 1035 2160 ost,
1066 2082 1107 2146 ad
1130 2082 1246 2146 bonum
1269 2087 1337 2146 ten-

61 2188 144 2251 dere.
192 2187 291 2253 Omne
315 2195 420 2251 autem
443 2188 546 2252 tendit
568 2188 609 2253 ad
633 2189 742 2268 simile,
766 2207 846 2271 quac
870 2189 967 2270 igitur
991 2189 1031 2253 ad
1055 2188 1171 2253 bonum
1193 2188 1336 2269 tendunt,

61 2295 146 2358 bona
178 2296 247 2376 ipsa
279 2303 359 2358 sunt.
412 2294 473 2360 Sed
502 2296 767 2377 quemadmodum
800 2295 883 2360 bona
906 2300 995 2374 sunt,
1027 2295 1248 2378 inquirendum
1279 2302 1336 2393 est,

62 2408 211 2466 utrumne
234 2402 479 2483 participatione
502 2421 543 2467 an
566 2402 751 2467 substantia.
798 2401 831 2466 Si
854 2403 1106 2484 participatione,
1129 2421 1187 2483 per
1210 2421 1244 2468 se
1267 2403 1336 2484 ipsa

60 2507 146 2571 nullo
170 2509 264 2573 modo
288 2509 371 2572 bona
394 2515 477 2573 suut.
520 2509 602 2574 Nam
626 2510 710 2592 quod
733 2509 978 2590 participatione
1002 2509 1109 2574 album
1132 2516 1196 2587 θεῖ,
1219 2527 1278 2590 per
1300 2528 1335 2574 se

59 2616 92 2679 in
117 2633 162 2692 eo,
187 2615 270 2696 quod
293 2615 396 2696 ipsum
419 2621 476 2694 θεῖ,
500 2616 606 2680 album
629 2634 692 2680 non
716 2621 773 2694 θεῖ,
797 2616 891 2680 etde
915 2617 1029 2681 ceteris
1053 2616 1259 2698 qualitatibus
1283 2635 1333 2680 eo-

60 2723 133 2787 dem
156 2723 258 2786 modo.
305 2721 338 2787 Si
361 2722 460 2804 igitur
475 2723 719 2804 participatione
743 2727 816 2786 sunt
839 2722 935 2801 bona,
963 2722 1032 2802 ipsa
1054 2741 1113 2804 per
1125 2742 1158 2786 se
1171 2723 1255 2786 nullo
1268 2741 1334 2787 mo-

63 2830 104 2893 do
115 2827 198 2894 bona
210 2838 292 2909 sunt,
304 2847 366 2893 non
377 2829 476 2910 igitur
499 2829 540 2894 ad
553 2817 790 2893 bonatendunt.
815 2827 877 2893 Sed
895 2833 1214 2908 concessumest,non
1237 2830 1335 2911 igitur

59 2936 304 3018 participatione
312 2941 385 3000 sunt
394 2936 546 3026 bona,sed
557 2936 740 3000 substantia.
766 2934 906 3012 Quorum
914 2954 989 3000 vero
1001 2936 1176 3001 substantia
1185 2936 1268 3001 bona
1278 2941 1335 3015 est,

58 3042 92 3106 id
103 3042 186 3122 quod
196 3043 367 3120 sunt,bona
377 3046 460 3107 sunt.
483 3041 520 3106 Id
530 3047 645 3120 autem,
656 3042 740 3123 quod
750 3047 831 3119 sunt,
855 3040 1076 3121 habenteneo,
1101 3043 1184 3124 quod
1195 3051 1243 3107 est
1254 3061 1330 3106 esse.

57 3149 139 3214 Esse
150 3149 248 3231 igitur
258 3151 398 3232 ipsorum
411 3149 567 3213 bonorum
578 3154 634 3228 est,
645 3149 782 3213 omnium
795 3148 893 3229 igitur
902 3166 1008 3213 rerum
1021 3148 1124 3230 ipsum
1135 3149 1334 3229 essebonum

56 3260 114 3321 est.
161 3255 222 3321 Sed
246 3256 272 3320 si
303 3256 512 3320 essebonum
536 3260 600 3334 est,
625 3275 670 3336 ea,
695 3275 776 3337 quae
799 3261 872 3319 sunt
896 3257 927 3319 in
951 3274 1004 3335 eo,
1029 3257 1114 3337 quod
1137 3262 1226 3336 sunt,
1248 3256 1331 3320 bona

58 3367 133 3427 sunt
156 3362 301 3444 idemque
326 3367 375 3426 est
398 3362 474 3425 illud
499 3381 582 3442 esse,
613 3363 697 3444 quod
720 3361 835 3426 bonum
860 3363 957 3427 esse.“
1006 3360 1111 3444 Atque
1142 3361 1331 3439 Aristoteles

56 3472 125 3550 ipse
148 3469 304 3533 nonnullis
327 3469 403 3533 locis
427 3469 502 3532 dicit
525 3467 563 3531 cd
587 3467 718 3550 ἀγαθὰν
741 3469 843 3546 ῖοῖ1θε,
868 3469 991 3549 quoties
1016 3467 1056 3530 τὸ
1081 3462 1118 3531 ’ἐν
1141 3469 1327 3549 praedicari.

57 3575 231 3641 Contentus
255 3595 323 3640 sum
347 3594 408 3639 uno
432 3575 500 3639 loco
525 3576 689 3655 exscripto,
713 3575 782 3638 aliis
805 3575 957 3638 indicatis.

164 3682 236 3746 Eth.
260 3682 379 3747 Nicom.
404 3683 439 3762 d,
469 3689 503 3757 4,
532 3687 630 3746 10962
663 3685 772 3759 20,23:
802 3678 955 3762 τάγαθὸν
986 3679 1114 3760 λέγεται
1137 3677 1259 3760 ἰσαχῶς
1282 3664 1328 3762 τῷ

59 3786 149 3867 ὄντα,
174 3786 210 3851 ἐν
233 3789 359 3861 πάσαις
371 3791 442 3860 ταῖς
465 3792 681 3872 κατηγορίαις,
696 3784 878 3867 ὁμώνυμον.
924 3786 960 3848 cf.
985 3791 1168 3865 practerea:
1192 3785 1234 3848 M.
1248 3785 1326 3849 Mor.

57 3896 86 3976 c,
134 3901 159 3975 1,
205 3900 304 3958 maaa
361 3898 378 3958 o
425 3899 455 3975 p,
490 3899 525 3970 u,
571 3897 668 3956 iactae
757 3897 784 3955 a
840 3891 912 3954 Etn.
952 3891 1031 3954 Eud.
1067 3892 1096 3969 n,
1141 3897 1169 3969 ε,
1211 3894 1304 3956 mire

166 4052 196 4120 14)
214 4051 325 4104 Bonitz:
345 4051 430 4104 Ueber
450 4049 492 4101 die
510 4049 673 4116 Kategorien
692 4049 738 4102 des
756 4049 915 4101 Aristoteles
942 4049 986 4101 in:
1013 4049 1260 4114 Sitzungsherichte
1279 4049 1327 4102 dor

56 4139 350 4214 philolopisch-histor.
396 4138 487 4191 Classe
513 4137 561 4190 der
586 4138 701 4191 Kaiserl.
728 4137 814 4190 Akad.
845 4137 892 4190 der
920 4137 1150 4190 Wissenschat'ten
1179 4155 1214 4188 zu
1240 4137 1335 4193 Wieu.

57 4231 109 4286 vol.
125 4247 153 4282 x.
171 4230 269 4296 Jahrg.
290 4229 368 4282 1853.
386 4244 414 4296 p.
434 4229 495 4282 591.
532 4243 561 4297 p.
580 4229 645 4283 aaa.
1269 4283 1299 4324 a,
