2834 4514
611 169 822 267 mam

76 377 161 442 bium
185 378 301 442 nullum
327 378 412 459 apud
434 377 532 442 bonos
556 378 744 460 interpretes
775 380 832 444 sub
856 378 914 442 hoc
939 385 1011 443 ente
1035 379 1136 444 Deum
1164 400 1227 445 non
1251 383 1352 446 conti-

75 486 151 562 neri,
176 485 347 566 quinoque
371 491 418 548 cst
442 503 496 548 666
520 503 577 564 per
601 486 758 565 66611666,
782 505 883 566 neque
907 485 1039 549 subullo
1064 487 1172 552 decem
1196 507 1350 569 generum

76 593 269 670 continetur,
293 591 324 653 in
349 608 429 671 qnae
453 590 604 654 dividitur
635 609 689 655 ens
713 610 771 671 per
794 610 836 655 se.
882 591 1020 673 Vulgata
1047 594 1123 657 item
1152 595 1237 674 apud
1261 594 1351 658 Peri-

74 699 229 780 pateticos
259 702 308 761 661
340 696 394 759 1116
424 696 533 759 divisio
565 715 627 776 qua
657 698 772 760 dicitur
803 715 858 760 ens
890 697 986 761 dividi
1016 699 1047 761 in
1076 699 1287 764 substantiam
1318 705 1351 764 61

74 806 227 871 accidens.
274 803 365 879 Quod
389 821 458 866 cum
483 803 523 866 sit
547 803 606 880 ita,
637 804 808 884 accipimus
832 822 902 882 ens,
932 809 967 867 ut
991 804 1076 868 Deus
1100 824 1196 886 supra
1220 825 1275 870 666
1299 807 1350 894 sit,

75 920 106 978 et
131 911 255 976 nonsit
288 909 346 974 sub
371 914 450 983 ente,
476 909 737 989 quemadmodum
763 911 854 974 docet
867 910 1003 974 Thomas
1026 913 1128 992 primo
1153 913 1235 977 libro
1260 931 1348 977 com-

75 1019 298 1103 ruente-riorum
323 1016 354 1078 in
378 1014 571 1094 theologicas
595 1017 776 1080 sententias,
822 1015 978 1097 Adjiciam
1001 1023 1033 1081 61
1057 1017 1117 1082 hoc
1141 1019 1257 1100 injuria
1280 1020 1349 1100 glo

72 1127 150 1192 11611
174 1123 326 1206 quosdam
350 1120 544 1199 Platonicos,
576 1124 664 1202 quasi
689 1124 872 1204 mysterium
903 1123 1041 1188 habeant
1064 1125 1228 1190 Aristoteli
1258 1127 1350 1207 igno-

72 1242 149 1312 tum,
173 1251 242 1296 cum
266 1230 382 1306 dicunt,
406 1228 562 1291 duasesse
585 1229 732 1309 proprias
749 1230 800 1293 dei
824 1230 1064 1310 appellationes,
1093 1251 1190 1297 unum
1213 1234 1278 1300 scil.
1316 1241 1350 1300 et

72 1343 197 1415 bonum,
221 1343 316 1416 atque
340 1335 385 1398 ita
409 1334 525 1398 bonum
549 1340 580 1398 et
603 1355 699 1399 unum
724 1343 798 1400 ante
822 1355 876 1400 ens
901 1355 976 1402 esse.
1023 1337 1110 1402 81661
1134 1340 1216 1403 enim
1240 1346 1348 1406 osten-

72 1449 174 1513 dimus
206 1463 268 1508 non
300 1442 400 1505 latere
432 1429 660 1520 Peripateticos
692 1444 848 1522 quomodo
881 1463 979 1524 supra
1010 1462 1065 1508 ens
1094 1445 1180 1511 Deus
1212 1447 1348 1529 intelligi

72 1555 186 1636 possit,
218 1567 383 1632 possumus
408 1554 439 1612 et
462 1547 521 1611 hoc
554 1550 718 1613 ostendere
750 1551 810 1613 duo
834 1551 976 1631 inprimis
1009 1551 1088 1616 haec
1111 1555 1237 1616 nomina
1271 1554 1348 1618 boni

72 1662 135 1726 scil.
167 1658 312 1723 etunius
336 1655 404 1718 Deo
431 1654 634 1719 Aristotelem
659 1656 809 1720 dedisse.“
858 1657 944 1720 Haec
972 1656 1128 1722 sufficiant
1152 1659 1192 1723 ad
1215 1659 1348 1724 demon-

70 1767 244 1844 strandum,
269 1782 362 1844 quam
386 1762 467 1825 mira
489 1761 630 1826 homines
654 1763 698 1826 illi
722 1764 977 1844 excogitaverint.

176 1873 248 1937 ι1616
273 1870 312 1933 de
335 1868 464 1950 singulis
493 1868 671 1933 notionibus
695 1887 841 1950 agemuS,
872 1871 1007 1950 quaein
1037 1890 1072 1934 16
1096 1871 1272 1936 Alstedium
1295 1892 1347 1938 66

72 1999 217 2066 quemur,
251 1996 343 2059 quem
372 1976 410 2039 de
442 1975 552 2038 ordine
585 1981 792 2056 exponentem
824 1976 962 2056 primum
995 1977 1196 2042 introducere
1227 1979 1346 2058 placet.

71 2087 229 2152 Alstedius
253 2104 281 2165 p.
314 2088 353 2146 62
378 2081 551 2162 metaphys.
575 2081 698 2161 profert
721 2081 915 2146 Platonicam
938 2083 1183 2162 disputationem
1214 2091 1345 2152 secutus

70 2196 178 2259 Picum
201 2189 465 2255 Mirandulanum.
517 2187 638 2268 „Aliter
660 2188 715 2252 illa
737 2187 815 2270 (scil.
834 2189 1104 2274 transcendentia)
1129 2192 1160 2255 in
1183 2191 1260 2270 Deo,
1285 2193 1344 2256 ali·
1411 2264 1415 2275 ,

69 2309 120 2367 161
150 2301 183 2364 16
205 2299 267 2376 his,
300 2315 381 2376 quae
404 2300 476 2358 sunt
499 2300 572 2375 post
592 2294 707 2372 Deum,
742 2295 989 2359 considerantur.
1036 2296 1071 2359 ln
1101 2297 1194 2360 rebus
1225 2301 1345 2364 creatis

69 2410 128 2472 hoc
159 2406 252 2469 modo
282 2404 395 2467 insunt.
442 2400 570 2479 Omnia,
600 2420 680 2481 quae
712 2407 784 2464 sunt
816 2407 888 2481 post
917 2402 1035 2481 Deum,
1065 2403 1183 2468 habent
1213 2423 1344 2471 causam
1411 2411 1415 2420 '

70 2514 263 2589 efficientem,
286 2509 496 2590 exemplarem
520 2512 552 2572 et
574 2506 709 2574 finalem,
757 2509 805 2571 Ab
829 2509 896 2589 ipso
921 2509 1012 2587 enim,
1036 2528 1093 2590 per
1115 2511 1218 2590 ipsum
1243 2520 1275 2576 61
1299 2517 1344 2578 ad

69 2623 171 2703 ipsum
195 2623 268 2682 sunt
291 2616 403 2681 omnia.
450 2615 483 2680 Si
512 2615 622 2696 igitur,
640 2633 691 2678 166
715 2614 963 2694 consideramus,
992 2621 1028 2678 ut
1051 2635 1070 2679 a
1093 2616 1160 2682 Deo
1185 2615 1344 2685 efficiente
1410 2670 1413 2683 .

68 2727 309 2802 constituuntur,
333 2723 376 2786 sic
401 2722 485 2785 66116
508 2721 663 2800 dicuntur,
688 2722 761 2802 qnia
785 2739 852 2784 esse
870 2722 1071 2802 participant.
1118 2723 1151 2788 81
1175 2729 1210 2787 61
1234 2743 1343 2791 exem-

68 2835 150 2917 plari
173 2849 238 2910 suo,
263 2849 357 2911 quam
379 2846 527 2892 vocamus
551 2828 653 2891 ideam
676 2827 846 2891 seeundum
871 2846 965 2908 quam
987 2828 1057 2893 11166
1080 2831 1219 2894 condidit
1243 2831 1344 2914 Deus,

68 2941 226 3024 quadrant
250 2943 281 3000 61
304 2935 497 3016 respondent
520 2952 614 2998 verae
638 2934 792 2998 dicuntur.
848 2933 934 2999 Vera
957 2937 1040 3001 enim
1062 2937 1167 3018 imago
1191 2936 1343 3005 Herculis

68 3049 197 3126 dicitur,
227 3063 307 3125 quae
345 3059 420 3107 vero
443 3041 573 3105 Herculi
605 3039 829 3104 conformatur.
874 3041 907 3106 Si
936 3047 972 3106 ut
1006 3043 1046 3108 ad
1069 3062 1153 3122 eum,
1185 3049 1342 3126 tanquam

68 3155 108 3221 ad
143 3153 236 3217 finem
259 3150 403 3213 ultimum
424 3148 584 3226 tendunt,
613 3148 714 3213 bonae
745 3148 898 3212 dicuntur.
945 3149 978 3214 81
999 3168 1073 3214 vero
1103 3169 1166 3215 una
1195 3169 1344 3234 quaeque

66 3281 118 3327 res
141 3258 311 3324 secundum
334 3274 367 3320 se
386 3255 528 3320 absolute
551 3255 712 3334 accipitur,
736 3274 798 3318 666
822 3257 1069 3336 cognominatur.
1115 3256 1263 3339 Hicergo
1289 3267 1343 3326 661

68 3369 158 3434 ordo:
182 3383 251 3443 ens,
276 3349 400 3440 verum,
423 3362 553 3439 bonum,
582 3362 704 3424 uuum.“
755 3360 815 3426 Sed
843 3361 902 3426 hoc
926 3363 1036 3427 ordine
1065 3363 1242 3428 scholastici
1273 3385 1342 3434 non

66 3481 199 3542 utuntur
228 3471 283 3536 sed
305 3472 490 3552 plerumque
519 3470 662 3533 notiones
685 3469 753 3533 illas
777 3471 821 3533 sic
845 3476 1045 3534 enumerant:
1078 3489 1132 3534 ens
1167 3471 1246 3554 (166,
1281 3474 1343 3538 611-

67 3582 164 3667 quid),
187 3599 292 3657 unum,
315 3596 433 3655 verum,
451 3575 575 3640 bonum.
621 3575 727 3639 Pauca
750 3576 788 3640 de
802 3576 923 3640 duobus
935 3577 1104 3656 vocabulis,
1128 3596 1208 3658 quae
1220 3596 1342 3657 paren·
1408 3606 1416 3661 ;

65 3692 148 3756 thesi
170 3687 360 3763 inclusimus
388 3683 543 3746 mouenda
566 3687 696 3747 restant.
742 3681 884 3746 Vidimus
907 3684 939 3746 in
969 3684 1117 3764 opusculo
1141 3684 1207 3763 illo,
1231 3702 1248 3747 6
1272 3704 1341 3767 quo

66 3797 184 3881 egressi
208 3810 328 3871 sumus,
357 3809 412 3854 sex
439 3789 694 3853 transcendentia
723 3790 900 3854 enumerari
930 3791 1014 3870 apud
1038 3790 1201 3854 Thomann
1230 3791 1340 3870 ipsum

65 3911 170 3972 autem
203 3905 337 3984 quatuor
369 3901 492 3960 tantum
524 3901 656 3960 exstare.
703 3895 923 3972 Quaerendum
957 3902 1004 3960 661
1027 3897 1140 3978 igitur,
1172 3897 1240 3977 quis
1271 3899 1338 3968 duo

64 4013 120 4078 illa
148 4007 300 4074 vocabula
329 4004 496 4069 addiderit.
549 4003 726 4068 Ρ166161166
760 4003 885 4085 quidem
915 4003 933 4066 l.
968 4003 987 4066 l.
1020 4003 1067 4067 III
1098 4023 1127 4084 p.
1162 4009 1223 4067 245
1257 4006 1339 4074 dicit

43 4117 161 4176 adacta
185 4132 258 4176 6666
278 4112 454 4176 secundnm
465 4111 606 4176 Arabum
631 4111 816 4191 exemplum,
839 4111 937 4188 nixus,
960 4114 996 4173 ut
1019 4110 1095 4174 mihi
1106 4110 1239 4187 videtur,
1263 4111 1336 4181 loco

16 4225 63 4266 ex
79 4211 225 4278 Albertr‘
240 4216 363 4298 Magni
383 4220 519 4304 scriptis
544 4220 727 4305 desumpto.
771 4217 920 4285 Eandem
938 4217 976 4281 in
992 4234 1065 4281 rem
1081 4217 1244 4295 1116611666
1265 4237 1337 4284 661-
