2834 4514
580 131 792 233 mus

46 335 267 424 Campanella,
294 343 391 424 cujus
424 339 639 408 definitionem
660 348 831 425 propterea
861 343 931 424 jam
962 342 1024 423 hoc
1056 344 1124 410 loco
1160 363 1319 426 apponere

50 441 167 527 licebit,
192 468 382 531 quamquam
395 449 421 512 si
435 451 587 530 temporis
610 452 764 515 rationem
777 449 965 514 haberemus
977 450 1057 513 inira
1072 453 1217 530 ponenda
1230 459 1320 518 esset.

54 551 133 621 Dial.
156 556 172 620 I
194 575 223 639 p.
241 561 289 622 '32
305 553 358 638 18);
382 553 637 636 „Transcen'dens
662 565 709 623 est
741 557 893 621 terminus
917 557 1215 636 universalissimam
1238 577 1321 637 com-

54 664 243 728 munitatum
267 663 404 729 omnium
428 665 685 742 communitatem
714 662 904 747 significans3
934 669 1163 746 praetereaque
1192 666 1223 729 in
1252 684 1322 730 ora-

53 771 139 834 tione
163 770 383 850 praedicabilis
406 771 585 836 immediate
610 772 648 836 de
672 772 815 835 omnibus
839 771 971 835 diversis
993 772 1160 853 generibus
1188 773 1219 836 in
1248 772 1322 853 quid

53 877 232 958 analogum,
262 882 298 941 ut
332 896 386 942 ens
420 898 529 943 verum
562 879 678 943 bonum
702 884 734 943 et
768 879 891 942 unum.“
936 876 1088 942 Nationes
1122 879 1208 957 „hoc,
1237 878 1323 943 illud,

52 984 183 1064 aliquid,
206 986 275 1048 666*ι
299 986 438 1066 appellat
461 985 784 1051 subtranscendentia.
836 984 978 1061 Quatuor
1007 990 1131 1050 tantum
1162 990 1324 1049 transcen-

53 1090 164 1154 dentia
187 1096 355 1155 occurrunt
379 1093 462 1174 apud
481 1091 831 1171 JoannemGersonem,
855 1092 891 1156 ct
915 1091 1025 1156 Prantl
1048 1091 1066 1155 l.
1092 1092 1110 1156 1.
1134 1092 1179 1157 IV
1202 1112 1232 1173 p.
1253 1098 1323 1155 144:

55 1195 270 1278 „Significatio
294 1200 547 1282 metaphysicalis
570 1200 704 1264 multum
717 1200 921 1281 distinguitur
945 1183 1202 1280 asignificatione
1223 1196 1328 1280 gram·

54 1304 192 1369 maticae
221 1305 270 1367 vel
302 1306 422 1387 logicae
454 1306 504 1372 vel
533 1306 719 1386 rhetoricae,
755 1325 835 1388 quae
865 1312 938 1370 sunt
969 1312 1077 1387 partes
1106 1305 1325 1387 philosophiae

53 1411 278 1475 sermocinalis.
324 1412 416 1478 Ratio
442 1418 498 1491 est,
522 1414 595 1494 quia
618 1408 804 1495 significatio
836 1413 1089 1496 metaphysicalis
1119 1414 1262 1477 consistit
1294 1412 1325 1476 in

53 1516 124 1582 solo
147 1517 308 1582 intellectu
331 1519 379 1584 vel
401 1521 524 1585 ratione
548 1526 580 1584 et
602 1526 816 1602 generatura
842 1521 953 1600 primis
985 1520 1243 1600 impressionibus
1273 1539 1328 1583 na-

54 1631 159 1704 turae,
183 1643 262 1705 quae
286 1631 359 1690 sunt
381 1626 649 1706 transcendentes,
671 1629 690 1691 i.
715 1647 739 1692 e.
764 1645 818 1692 ens
842 1645 946 1705 unum,
970 1645 1024 1690 ens
1047 1644 1166 1706 rerum,
1190 1645 1244 1691 ens
1273 1627 1327 1691 bo

55 1749 142 1810 num,
166 1749 220 1795 ens
244 1732 362 1813 aliquid
385 1734 493 1798 ...vel
517 1752 571 1798 sex
593 1740 629 1798 ut
651 1734 704 1798 alii
727 1735 919 1798 voluerunt‘.
973 1731 1092 1810 Quibus
1123 1752 1193 1797 cum
1223 1733 1327 1798 verbis

55 1838 144 1902 haud
168 1839 277 1903 inutile
301 1841 361 1903 erit
396 1840 538 1906 conferre
571 1861 616 1920 ea,
652 1861 732 1923 quae
764 1847 891 1906 sanctus
923 1840 1059 1904 Thomas
1078 1841 1133 1904 -de
1168 1840 1328 1904 intellectu

57 1945 160 2009 docet.
205 1945 321 2026 Affero,
346 1967 426 2028 quae
449 1949 620 2014 Wernerus
643 1949 693 2012 11.
717 1948 748 2012 Π
771 1968 804 2039 p..
828 1941 865 2012 15
891 1948 957 2028 ejus
981 1948 1157 2012 doctrinam
1171 1965 1328 2028 exponens

57 2051 144 2116 dicit.
190 2053 266 2133 „Mit
290 2054 346 2118 der
370 2055 638 2138 Wahrnehmung‚
662 2047 734 2120 dass
747 2061 843 2120 etuas
866 2055 916 2134 ist,
939 2055 980 2118 ist
1003 2054 1115 2120 mithin
1128 2040 1329 2135 nothwendig

58 2159 129 2224 eine
142 2159 388 2242 ¹Apperception
412 2163 531 2241 dessen‚
555 2182 618 2228 was
642 2181 675 2227 es
698 2163 748 2243 ist,
780 2162 976 2242 verbunden3
1006 2163 1038 2226 in
1062 2160 1118 2226 der
1150 2159 1329 2250 gedanken-

57 2269 216 2348 massigen
240 2268 454 2351 Ermittelung
478 2271 532 2335 des
556 2271 632 2336 Was
656 2269 780 2335 besteht
804 2270 865 2334 das
895 2267 1102 2334 Verstttndnis
1137 2269 1192 2332 des
1216 2267 1330 2331 Wahr-

58 2368 296 2454 gcnomme'nen.
341 2375 417 2440 Dies
440 2377 481 2440 ist
504 2377 581 2441 aber
613 2377 699 2441 nicht
731 2378 788 2441 mit
821 2377 911 2456 einer,
940 2380 1046 2440 ersten
1075 2376 1140 2439 und
1172 2373 1331 2438 nnmittel-

57 2481 159 2546 baren
183 2480 423 2563 Apprehension
447 2483 719 2550 desWirhlichen
752 2483 851 2548 durch
881 2483 950 2548 eine
982 2482 1116 2547 intentio
1149 2482 1252 2562 prima
1285 2481 1330 2544 als

59 2588 166 2652 solehe
191 2608 357 2671 errungen
382 2591 519 2657 ohschon
545 2610 577 2656 es
608 2592 640 2655 in
670 2591 833 2655 derselben
866 2589 1016 2670 implicite
1051 2588 1213 2653 enthalten
1244 2589 1351 2669 liegt

60 2694 120 2758 Die
144 2696 381 2778 selbsteigenste
405 2697 549 2780 Auigabe
573 2699 627 2763 des
651 2697 833 2762 Inteliektes
856 2697 898 2760 ist
921 2695 1073 2762 vielmehr
1097 2696 1200 2787 diese'
1220 2695 1269 2758 die
1299 2695 1331 2758 in

61 2802 119 2865 der
141 2803 385 2868 nnmittelbaren
409 2805 644 2886 Apperception
668 2805 722 2869 des
746 2803 897 2886 Objektes
925 2803 1130 2868 nnmittelbar
1153 2802 1332 2884 geeinigten
1357 2885 1360 2888 Α

62 2907 232 2974 Memento:
257 2911 313 2975 das
338 2910 499 2977 Sachliche
523 2913 568 2976 616
583 2912 712 2990 ¹solches
737 2913 807 2996 (das
832 2911 919 2993 quid)
944 2911 1007 2974 und
1031 2910 1080 2974 die
1104 2909 1208 2988 Form
1239 2912 1332 2972 unter

64 3015 196 3079 welcher
219 3017 361 3082 dasseibe
385 3039 455 3083 zum
480 3003 613 3100 Objekte
632 3019 694 3082 'der
723 3018 969 3083 inteilektuellen
994 3012 1232 3099 A'pprehension
1255 3014 1334 3079 wird
1396 3077 1397 3081 ,

64 3123 135 3206 (das
160 3122 257 3206 quod)
272 3144 331 3189 von
355 3127 504 3190 einander
514 3147 553 3190 zu
565 3126 841 3206 unterseheident3
866 3125 905 3189 ad
930 3143 1022 3205 quem
1041 3124 1144 3187 locum
1157 3123 1328 3200 Wernerus

64 3229 209 3294 adnotat:
233 3232 286 3310 „ln
305 3233 365 3296 den
388 3233 539 3312 terminis,
562 3233 677 3298 welche
700 3231 766 3296 sich
790 3232 857 3296 rein
887 3230 1017 3295 auidas
1041 3239 1110 3294 esse'
1132 3231 1179 3294 als
1211 3228 1332 3293 solches

65 3339 214 3403 berichen
244 3339 272 3402 d.
305 3339 333 3402 h.
365 3340 525 3422 dasjenige
556 3360 596 3404 an
624 3340 684 3404 den
715 3339 839 3419 Diogen
874 3336 1081 3416 6661616166,
1113 3338 1210 3401 werin
1245 3335 1331 3399 diese

64 3446 247 3511 ausserhalb
274 3446 366 3527 jeder
396 3447 601 3528 generischen
630 3444 865 3510 Bestimmtheit
899 3444 1017 3523 stehen,
1052 3444 1130 3508 lasst
1162 3442 1228 3506 sich
1260 3441 1333 3505 kein

66 3553 140 3634 quid
165 3553 227 3620 und
251 3555 334 3634 quod
358 3553 447 3618 mehr
470 3553 718 3618 unterscheiden.
760 3552 835 3616 Man
858 3551 944 3615 zahlt
976 3549 1066 3615 sechs
1089 3549 1195 3614 solche
1226 3548 1334 3614 termi-

64 3678 136 3724 nos:
161 3679 223 3739 ens,
247 3679 306 3739 res,
330 3680 435 3738 unum,
459 3659 586 3742 aliquid,
610 3679 728 3739 verum,
753 3660 896 3723 1666666.ιι
1012 3710 1014 3713 .
1083 3746 1086 3752 .
1355 3650 1358 3655 ’

170 3766 256 3830 Nihil
279 3769 350 3832 novi
374 3769 455 3832 inest
478 3769 509 3831 in
532 3768 578 3844 iis,
604 3786 684 3848 quae
707 3767 821 3831 Petrus
844 3765 1030 3830 Tartaretus
1054 3768 1086 3828 et
1114 3761 1269 3827 Oliverius
1295 3761 1334 3838 de

66 3874 160 3939 Siena
182 3875 228 3964 de
244 3865 537 3970 transcendentibus
561 3874 677 3952 dicunt,
723 3872 758 3936 ci
779 3871 905 3948 ¹Prantl:
930 3870 979 3935 1.1.
1003 3869 1048 3935 IV
1072 3889 1100 3952 p.
1126 3872 1188 3933 205
1214 3874 1246 3932 et
1260 3872 1333 3932 234.
1376 3898 1379 3902 ,

67 4039 273 4046 --—.-.—--

53 4089 55 4093 ν
176 4067 746 4141 ιἢεί.Τ666ι16166166631-1111256·
806 4089 809 4095 '
856 4045 859 4050 Ι
