2834 4514
600 179 810 276 misiam

68 388 211 455 dennoch
244 393 342 452 etwas
376 384 537 451 ahnliches
570 388 634 451 und
667 389 897 469 gemeinsames
928 386 1047 466 bleibi,
1065 405 1114 477 'so
1137 387 1222 452 kann
1246 389 1348 454 dieses

68 495 213 560 1111111111
251 495 285 558 in
317 493 419 558 vielen
442 492 563 557 Fallen
591 492 764 557 besonders
799 512 987 577 genommen
1027 495 1173 574 werden,
1212 495 1282 559 weil
1313 513 1347 560 es

68 604 117 667 ein
151 601 354 682 allgemeiner
383 597 506 681 Begriff
533 600 592 679 ist,
624 600 686 664 den
717 601 774 666 wir
805 600 1030 665 transcendent
1061 618 1184 664 nennen
1214 600 1348 680 konnen,

66 707 205 773 insofern
230 725 265 771 er
297 707 328 771 iu
359 705 416 776 der
439 705 640 786 Korperwelt
664 707 728 770 und
760 706 1047 771 Intellektualuelt'
1066 705 1210 770 1111111111
1232 707 1357 788 Dirige„

66 814 220 880 vorstellt.
268 812 309 877 So
343 832 369 875 u.
392 812 432 876 E.
466 812 507 876 ist
542 813 600 877 der
631 811 754 895 Begriff
788 814 845 878 der
878 811 974 878 Kralt
1000 813 1243 892 transcendent,
1278 813 1347 878 weil

66 922 125 985 uir
146 916 545 997 unsErkenntniskraite,
575 918 891 1001 Begehrungskraiste
925 919 990 983 und
1022 919 1211 1000 bewegende
1227 919 1348 984 ’1111111

67 1027 245 1092 vorstellen.
290 1025 478 1090 Wennman
502 1025 644 1089 dennoch
667 1026 772 1102 solche
794 1025 1039 1090 transcendente
1050 1023 1188 1107 Begriffe
1211 1025 1347 1105 definirt,

29 1169 31 1173 >
67 1153 101 1198 so
126 1151 212 1198 muss
244 1151 317 1196 man
361 1131 533 1213 allerdings
564 1131 656 1196 dabei
688 1132 775 1220 nicht
798 1150 987 1213 vergessen‚
1019 1132 1092 1196 dass
1115 1132 1160 1197 sie
1187 1132 1269 1197 noch
1292 1132 1347 1197 be-

67 1241 202 1305 sondere
225 1239 482 1319 Bestimmungen
511 1230 669 1317 erhalten,
696 1257 731 1304 so
755 1237 801 1304 oft
828 1239 874 1303 sie
901 1239 933 1302 in
962 1238 1020 1303 der
1042 1237 1242 1319 Kbrperwclt
1270 1239 1348 1303 oder

67 1347 149 1412 auch
193 1347 225 1410 in
261 1345 318 1411 der
349 1344 626 1410 Intellektualuelt
641 1406 643 1411 ,
660 1346 849 1428 angewandt
883 1345 1017 1408 werden.
1091 1344 1151 1410 Die
1175 1343 1346 1410 Definition

68 1453 146 1517 wird
189 1451 331 1522 dadurch
368 1451 553 1533 specieller,
591 1451 655 1515 und
696 1452 753 1515 das
791 1449 982 1530 Definitum,
1016 1451 1148 1516 welches
1189 1451 1346 1516 nunmehr

67 1559 149 1624 auch
182 1577 221 1621 zu
254 1558 341 1622 einer
363 1557 559 1622 besonderen
583 1557 644 1621 Art
658 1558 765 1651 11111,
793 1557 916 1622 kommt
947 1557 1035 1621 nicht
1058 1575 1092 1621 so
1124 1556 1233 1640 hbufig
1255 1557 1342 1622 vor.“

66 1665 160 1729 Patet
192 1665 290 1745 igitur
324 1665 468 1728 notiones
500 1663 569 1727 illas
601 1669 774 1744 propterea
796 1664 1057 1728 transcendentes
1081 1665 1252 1745 appellari,
1282 1682 1346 1728 non

68 1762 142 1852 quia
173 1772 262 1852 quasi
291 1771 495 1834 intercedant
524 1771 608 1834 inter
640 1789 810 1851 corporeas
839 1789 891 1835 res
922 1776 954 1834 11
977 1771 1080 1849 ideas,
1107 1771 1163 1834 sed
1198 1771 1272 1852 quia
1294 1788 1346 1835 res

67 1895 257 1958 corporeas,
292 1896 372 1958 quae
396 1877 538 1941 sensibus
571 1878 688 1941 nostris
721 1879 949 1956 observantur,
981 1877 1216 1942 transcendant,
1280 1875 1347 1953 Qui

67 1984 212 2049 vocabuli
235 2001 309 2047 usus
333 1983 399 2047 sere
422 1984 504 2047 idem
529 1989 577 2047 est
601 1989 697 2065 atque
719 1985 906 2063 Kantianus,
930 1984 962 2047 id
986 1984 1071 2065 quod
1094 2002 1157 2047 non
1180 1983 1347 2047 miraberis

66 2092 92 2155 si
126 2090 303 2171 respexeris
349 2089 502 2153 Kantium
536 2096 569 2154 11
620 2091 827 2155 Lambertum
872 2090 1078 2171 epistolarum
1118 2090 1345 2154 consuetudine

66 2197 162 2262 fuisse
190 2198 381 2277 conjunctos.
451 2196 530 2261 Cum
559 2197 658 2279 igitur
686 2215 754 2262 rem
778 2191 845 2279 jam
877 2215 976 2278 usque
1005 2197 1046 2261 ad
1069 2196 1221 2260 Kantium
1240 2214 1346 2277 perse-

67 2305 131 2368 cuti
175 2294 272 2367 simus
305 2321 459 2366 summam
505 2305 777 2368 commentationis
811 2305 920 2385 paucis
959 2303 1107 2384 colligere
1145 2304 1221 2367 utile
1254 2303 1343 2367 duco.

67 2411 208 2475 Petenda
231 2411 329 2491 igitur
358 2416 406 2473 est
429 2410 588 2489 vocabuli,
621 2412 704 2491 quod
728 2412 865 2492 primum
895 2410 979 2492 apud
1010 2409 1180 2491 discipulos
1204 2409 1344 2473 Thomae

66 2515 235 2598 Aquinatis
259 2516 416 2595 occurrit,
448 2517 538 2598 origo
573 2537 611 2581 ex
633 2517 777 2581 Platonis
801 2527 833 2582 11
857 2517 1040 2582 Aristotelis
1064 2516 1225 2595 doctrina,
1258 2516 1343 2597 quod

68 2624 193 2704 quidem
218 2623 349 2687 adrem
374 2624 507 2702 attinet,
530 2623 716 2687 vocabulum
740 2625 843 2704 ipsum
878 2624 919 2688 ad
941 2623 1204 2687 Neo—Platonicos
1238 2623 1344 2687 redire

66 2731 199 2794 videtur.
246 2728 361 2821 'Apud
391 2730 594 2794 scholasticos
618 2750 656 2794 ea
687 2731 739 2794 illo
764 2730 860 2795 verbo
885 2723 1056 2812 significari
1079 2730 1231 2807 vidimus,
1263 2748 1344 2809 quae

67 2837 246 2917 categorias
279 2837 515 2900 transcendunt.
562 2836 651 2912 Quae
685 2837 830 2901 doctrina
855 2856 925 2902 curn
954 2857 973 2901 1
1006 2837 1164 2901 nonnullis
1187 2836 1263 2900 viris
1286 2837 1343 2899 im-

65 2947 208 3025 pugnata
232 2941 342 3006 luisset
364 2943 564 3020 vocabulum,
588 2944 704 3024 quippe
729 2943 812 3023 quod
836 2944 1076 3007 usitatissimum
1100 2942 1226 3021 fuisset,
1256 2946 1343 3006 aeta-

66 3056 131 3113 tem
164 3048 237 3111 tulit
270 3054 302 3112 et
334 3069 353 3111 a
386 3048 547 3112 Britannis
579 3055 611 3112 et
648 3047 816 3113 Germanis
850 3050 980 3114 liberius
1014 3050 1163 3130 usurpari
1195 3055 1342 3129 coeptum

67 3161 130 3234 est,
154 3156 275 3236 origine
298 3155 424 3219 omnino
453 3156 605 3240 neglecta.
635 3155 786 3220 Kantium
810 3157 913 3237 ipsum
936 3156 1088 3234 Leibnizii
1116 3162 1149 3220 et
1179 3156 1343 3219 Lamberti

67 3263 209 3342 exemplo
235 3263 406 3352 inductum⁴
428 3261 487 3325 hoc
530 3264 727 3343 potissimum
761 3264 948 3328 vocabulum
989 3263 1122 3343 elegisse
1156 3261 1342 3326 verisimilli-

65 3388 151 3434 mum
176 3373 231 3432 est.
