2834 4514
652 199 863 299 aas

116 416 184 473 tum
216 408 309 489 hujus
341 407 388 472 rei
418 407 632 473 testimonium
664 410 768 474 inveni
801 408 886 498 apud
913 408 1037 488 Picum,
1071 410 1124 490 qui
1147 431 1177 493 p.
1214 417 1273 476 166
1299 412 1391 487 dicit:

117 517 301 597 „verissima
324 533 401 597 ergo
423 517 579 580 sententia
603 521 651 605 est
675 522 812 599 quatuor
836 535 914 596 esse,
939 517 1137 597 quaeomuia
1161 517 1304 582 ambiunt
1327 537 1391 592 eus,

115 644 226 701 unum,
249 641 373 701 verum,
397 623 530 702 bonum,
554 624 580 686 si
604 623 650 688 ita
673 625 884 706 accipiantur,
907 627 943 687 ut
965 623 1092 687 illorum
1121 625 1306 707 negationes
1329 626 1392 690 sint

115 731 200 808 nihil,
225 729 367 809 divisum,
390 728 503 793 falsum
529 734 560 793 et
583 731 708 795 malum.
755 730 875 797 Addita
904 735 977 794 suut
1000 729 1048 794 his
1073 736 1209 811 quatuor
1233 731 1293 796 duo
1318 732 1390 797 alia:

115 837 245 919 Aliquid
268 837 332 901 scil.
358 841 390 901 ot
412 855 464 901 res
488 857 506 901 a
530 839 759 918 posterioribus
773 838 975 903 'Aviceunam
999 837 1127 917 secutis,
1152 838 1206 919 qui
1228 838 1335 902 multis
1359 841 1391 903 in

114 945 190 1009 locis
213 944 444 1025 philosophiam
458 943 637 1010 Aristotelis
659 945 881 1026 interpellavit,
904 944 987 1008 unde
1010 949 1083 1008 sunt
1099 944 1144 1007 illi
1168 944 1390 1010 cumAverroe

114 1071 230 1133 magua
253 1051 336 1115 bella
359 1056 513 1133 pugnata:
541 1052 596 1116 sed
621 1057 774 1133 quantum
787 1053 839 1117 ad
862 1051 921 1116 hoc
945 1055 1069 1132 spectat
1091 1069 1192 1132 parva
1214 1053 1246 1115 in
1269 1070 1305 1116 re
1329 1052 1390 1116 dis-

114 1159 229 1223 cordia.
275 1158 427 1223 Dividunt
439 1159 522 1224 enim
545 1158 586 1238 hi,
611 1160 694 1240 quod
707 1159 764 1224 sub
788 1178 851 1224 uno
870 1158 1076 1240 intelligitur,
1098 1159 1131 1222 iu
1154 1177 1251 1222 unum
1275 1164 1307 1223 et
1330 1160 1388 1223 ali-

114 1266 198 1346 quid,
223 1265 306 1346 quod
331 1284 350 1329 a
373 1265 507 1338 Platone
530 1283 592 1329 uon
615 1265 783 1344 abhorret,
808 1265 917 1346 quiin
942 1264 1091 1346 Sophiste
1114 1263 1165 1348 (cl.
1190 1265 1270 1329 Plat.
1295 1265 1389 1348 Soph.

116 1392 147 1453 p.
173 1376 268 1436 2376.
292 1370 336 1451 D)
360 1372 443 1436 inter
467 1371 524 1436 has
549 1373 819 1437 communissimas
849 1373 1001 1437 dictiones
1025 1377 1191 1442 enumerat
1214 1372 1333 1454 aliquid
1358 1380 1389 1439 et

115 1480 197 1561 quod
221 1479 278 1543 sub
303 1483 375 1543 ente
399 1479 587 1558 continetur,
611 1462 794 1561 partiuntur
817 1480 850 1544 in
874 1497 929 1544 ens
953 1485 985 1543 et
1008 1497 1059 1543 res
1084 1479 1161 1544 etc.“

218 1585 407 1650 Praedicata
430 1605 540 1665 unum,
563 1604 687 1666 verum,
711 1585 826 1650 bouum
858 1586 923 1650 euti
944 1585 1114 1650 tribuenda
1137 1603 1206 1650 esse
1228 1605 1387 1670 uunquam

114 1697 220 1771 eraut,
244 1693 296 1775 qui
320 1697 483 1775 negarent,
506 1712 580 1757 num
604 1701 710 1758 autem
734 1711 786 1759 res
817 1698 849 1758 et
871 1692 990 1775 aliquid
1009 1693 1077 1774 jam
1100 1693 1129 1756 ei
1152 1693 1388 1776 dissentiebant,

114 1786 174 1882 qui'
196 1799 280 1864 haud
310 1799 356 1864 ita
384 1800 480 1882 longo
509 1805 654 1881 tempore
686 1799 840 1864 Thomam
875 1800 975 1865 secuti
998 1803 1080 1863 suut.
1114 1798 1151 1863 cl.
1174 1799 1213 1863 Κ.
1237 1800 1387 1866 Werner:

113 1907 131 1968 l.
155 1906 173 1970 l.
197 1905 244 1970 Ill
268 1904 380 1971 Gesch.
404 1907 460 1970 des
483 1906 692 1971 Themismus.
716 1926 746 1988 p.
772 1911 844 1971 293.

218 2013 334 2079 Postea
353 2018 459 2078 autem
482 2033 573 2079 nemo
598 2013 773 2093 dubitabat,
797 2013 872 2096 quin
895 2013 1094 2094 eodemJure,
1119 2031 1180 2096 quo
1205 2033 1269 2094 ens,
1291 2016 1387 2081 etiam

112 2139 163 2185 res
187 2127 219 2184 et
242 2121 359 2203 aliquid
382 2121 672 2186 transcendentium
690 2121 810 2185 honore
834 2125 947 2185 ornata
970 2120 1040 2184 sint.
1086 2118 1161 2200 Ens,
1184 2139 1244 2200 res,
1269 2122 1387 2204 aliquid

113 2227 152 2292 ab
177 2227 321 2292 omnibus
345 2229 546 2310 appellantur
569 2247 753 2310 synonyma.
798 2227 1094 2310 ItaqueAlstedius,
1118 2227 1258 2309 Metaph.
1281 2248 1311 2310 p.
1336 2234 1388 2300 25,

112 2334 310 2400 Theoremat
333 2335 349 2399 Ι
372 2336 449 2399 dicit
474 2335 568 2416 ,Ena
591 2335 730 2417 aliquid,
761 2339 793 2399 et
816 2351 868 2399 res
897 2339 971 2398 sunt
999 2352 1181 2416 synonyma.
1234 2335 1271 2399 Id
1310 2353 1385 2417 pro-

111 2441 222 2506 bamus
245 2461 303 2523 per
325 2447 442 2524 partes
487 2442 552 2506 Eus
576 2447 608 2506 θῖ
635 2440 755 2523 aliquid
779 2446 853 2504 sunt
876 2457 1064 2523 synonyma3
1099 2441 1173 2522 quia
1197 2442 1388 2506 conveniunt

112 2547 365 2613 defiuitiomibus.
410 2549 536 2613 Etenim
561 2566 615 2613 ens
639 2551 702 2627 est,
731 2546 815 2630 quod
839 2547 1006 2612 essentiam
1030 2546 1139 2611 habet:
1173 2546 1300 2630 Aliquid
1331 2551 1388 2626 est,

113 2656 196 2738 quod
214 2656 421 2738 quiddItatem
432 2655 536 2720 habet.
583 2655 615 2720 Si
626 2654 763 2719 essentia
773 2654 872 2735 igitur
890 2659 922 2719 et
934 2654 1093 2737 quidditas
1117 2659 1190 2718 sunt
1206 2673 1388 2737 synonyma,

114 2763 221 2844 quidni
241 2763 336 2828 etiam
353 2781 409 2827 ens
434 2767 465 2827 θῖ
489 2762 633 2843 aliquid?
656 2761 779 2826 Deinde
796 2779 851 2826 ens
875 2765 907 2826 et
926 2779 978 2826 res
1002 2761 1098 2825 etiam
1122 2765 1387 2844 suntsynonyma.

113 2868 287 2934 Sumuntur
332 2869 414 2943 enim
459 2887 518 2950 pro
552 2868 663 2933 eodem
691 2868 783 2949 juxta
815 2885 1012 2931 communem
1043 2867 1192 2949 loquendi
1224 2873 1389 2932 consuetu-

114 2976 247 3040 dinem.“
296 2975 331 3039 P.
366 2981 405 3040 37
440 2974 563 3057 profert
586 2975 764 3040 Theorema
787 2974 818 3038 Π
840 2972 968 3056 Aliquid
992 2979 1024 3038 et
1046 2992 1097 3039 res
1120 2993 1184 3038 uon
1206 2980 1279 3038 sunt
1301 2979 1389 3039 tran-

41 3102 45 3109 ’
113 3083 329 3148 scendentales
353 3083 433 3146 entis
456 3082 627 3164 passiones
674 3081 707 3146 si
730 3081 894 3145 theorema
917 3080 933 3144 I
955 3099 1065 3144 verum
1090 3085 1153 3160 est,
1182 3085 1268 3145 certe
1293 3083 1388 3146 etiam

112 3191 152 3254 ΙΙ.
165 3189 288 3255 Arabes
311 3193 436 3254 tautum
467 3187 609 3254 referunt
632 3188 775 3252 notiones
799 3205 850 3251 res
874 3191 906 3252 et
929 3186 1048 3268 aliquid
1070 3187 1155 3252 inter
1187 3189 1268 3252 entis
1291 3189 1389 3270 passi·

113 3315 188 3362 oues
212 3302 244 3361 et
268 3295 457 3368 affectiones.
506 3295 643 3376 ,Nostra
673 3294 830 3358 sententia
858 3294 904 3358 ita
926 3293 1082 3374 probatur
1115 3301 1140 3357 l.
1165 3295 1238 3376 quia
1270 3293 1389 3359 affecti-

113 3422 189 3469 ones
221 3404 302 3468 entis
327 3402 444 3468 debent
474 3401 593 3467 habere
616 3402 774 3466 diversam
797 3400 954 3465 rationem
978 3401 1017 3464 ab
1051 3405 1122 3465 ente
1154 3406 1203 3465 est
1234 3401 1317 3466 inter
1347 3420 1388 3465 se.

112 3511 201 3576 Haec
231 3515 337 3574 autem
361 3497 423 3574 dno
451 3509 570 3573 nullam
594 3508 712 3573 habent
736 3508 908 3587 diversam,
938 3507 994 3571 sed
1012 3513 1085 3571 sunt
1115 3526 1287 3590 synonyma
1319 3527 1388 3572 cum

114 3623 201 3696 ento,
235 3622 271 3680 ut
304 3617 400 3682 vestis
435 3620 467 3680 et
489 3616 715 3680 indumentum.
746 3618 800 3677 ⁴2.
832 3614 912 3678 Rem
943 3614 1194 3696 conjungendam
1228 3632 1295 3679 esse
1320 3633 1390 3678 cum

112 3730 192 3803 ente,
215 3721 416 3788 manifestum
440 3726 496 3786 est.
546 3713 795 3802 Significantihm
819 3720 987 3784 essentiam
1012 3725 1044 3784 et
1068 3721 1277 3800 quidditatem
1301 3721 1390 3798 eutis,

112 3832 247 3912 ideoque
280 3829 498 3911 praedicatum
528 3827 791 3925 quidditationem
824 3831 856 3890 θῖ
888 3843 951 3890 non
985 3825 1192 3891 affectionem.
1226 3832 1253 3890 3.
1310 3826 1391 3903 Quia

113 3937 214 4002 omnis
237 3937 354 4018 passio,
378 3953 448 4000 cum
472 3934 535 4014 illo,
558 3935 650 4016 cujus·
671 3938 719 3998 est
737 3933 852 4014 passio,
875 3933 1030 4014 adjective
1054 3933 1202 4014 conjungi
1225 3938 1332 4013 potest
1356 3952 1392 3996 ac

114 4044 216 4124 debet,
239 4043 299 4106 hoc
322 4047 379 4121 est,
403 4039 635 4105 denominative
659 4041 698 4104 de
721 4057 777 4104 suo
801 4039 941 4120 subJ'ecto
967 4039 1036 4118 dici,
1059 4045 1095 4103 ut
1119 4057 1232 4120 corpus
1256 4039 1392 4121 nigrum,

113 4151 220 4216 album
252 4155 309 4213 etc.
357 4147 408 4213 Sic
431 4165 495 4226 ens,
524 4166 635 4226 uuum,
659 4165 778 4225 verum,
808 4145 934 4209 bonum.
979 4144 1106 4208 Verum
1129 4147 1201 4206 Res
1225 4152 1415 4241 mam

113 4257 268 4338 adjective
295 4273 359 4320 non
382 4253 605 4338 conjungitur,
627 4253 688 4320 sed
711 4252 935 4336 quidditatme
953 4249 1029 4311 s'me
1045 4247 1092 4304 'm
1111 4242 1200 4316 effi
1214 4232 1404 4305 mim
