2834 4514
597 167 807 266 Quem

68 382 173 455 untur,
208 376 291 457 qued
333 376 397 439 scil.
428 375 598 440 humanum
634 397 757 459 corpus
793 378 1046 459 quandoquidem
1078 377 1247 441 limitatum
1288 380 1345 454 est,
1373 388 1381 431 ἰ

68 488 192 548 tantum
217 488 264 546 est
288 501 389 562 capax
412 484 491 546 certi
514 484 687 565 imaginum
710 485 833 548 numeri
860 485 892 548 in
923 503 956 549 se
988 485 1135 549 distincte
1165 485 1259 547 simul
1283 483 1347 547 ior·

70 591 185 668 mandi,
210 590 261 670 qui
286 591 312 652 si
336 590 515 668 excedatur,
546 590 605 655 hae
638 592 791 672 imagines
825 590 974 656 confundi
1006 592 1156 672 incipient
1190 592 1272 655 etsi
1297 591 1348 654 hie
1376 608 1398 644 ·-·

70 697 241 778 imaginum
266 714 425 774 numerus,
450 715 585 776 quarum
609 697 732 779 Corpus
764 703 812 762 est
835 717 945 779 capax,
978 704 1014 762 nt
1047 716 1100 762 eas
1133 697 1164 760 in
1197 714 1230 760 se
1255 697 1350 760 simul
1376 708 1391 789 J

72 805 218 868 distincte
241 802 364 881 formet,
387 787 481 884 longo
506 804 685 882 excedatur,
708 823 816 868 omnes
840 805 923 869 inter
946 823 979 868 se
999 805 1093 885 plane
1116 802 1350 868 confundentur
1385 826 1393 835 ·

72 917 130 976 etc.
177 909 220 973 At
243 910 296 974 ubi
320 910 473 990 imagines
505 910 536 974 in
571 929 704 992 corpore
736 911 830 992 plane
864 910 1106 990 confunduntur,
1137 910 1227 974 Mens
1252 911 1351 975 etiam
1384 952 1389 961 -

73 1017 177 1081 omnia
201 1035 335 1097 corpora
359 1016 487 1080 contusa
511 1017 577 1080 sine
603 1017 673 1080 ¹ulla
706 1019 906 1082 distinctione
936 1018 1162 1099 imaginabitur
1193 1023 1224 1081 et
1259 1019 1353 1098 quasi

73 1125 130 1189 sub
155 1142 216 1188 uno
236 1123 390 1187 attributo
411 1123 664 1204 comprehendet,
688 1144 802 1206 nempe
815 1125 873 1189 sub
893 1125 1049 1189 attributo
1067 1125 1166 1204 Eritis,
1189 1125 1249 1188 Rei
1273 1128 1353 1188 etc.“

75 1232 240 1296 Postremo
266 1230 401 1312 Spinoza
424 1231 608 1310 rectissime,
632 1237 668 1294 ut
691 1233 767 1295 mihi
792 1233 917 1313 quidem
941 1232 1076 1310 videtur,
1108 1232 1184 1296 dicit
1208 1250 1262 1296 eos
1286 1237 1354 1296 ter-

74 1340 175 1402 minos
198 1339 285 1402 ideas
320 1336 497 1419 significare
521 1356 660 1416 „summo
684 1340 786 1419 gradu
822 1336 1049 1424 confusae.³³)“

186 1445 454 1508 Transcendentia
472 1446 604 1508 retinuit
616 1443 808 1528 Wolfius,³4)
834 1447 886 1527 qui
905 1446 974 1510 aliis
994 1445 1225 1510 definitionibus
1249 1443 1355 1528 (Wol-

76 1551 151 1616 fium
181 1551 378 1616 definitiones
410 1552 501 1615 valde
534 1553 684 1616 adamare
716 1553 852 1634 constat)
883 1554 1060 1617 accuratius
1085 1572 1122 1616 ea
1155 1571 1187 1615 se
1219 1553 1356 1616 circum-

76 1660 240 1740 scripsisse
264 1659 427 1740 gloriatnr.
474 1657 662 1740 Ontologiae
696 1663 803 1738 §329
848 1661 915 1740 agit
950 1661 989 1723 de
1021 1660 1151 1738 unitate,
1184 1659 1224 1722 ad
1256 1677 1355 1739 quam

77 1766 314 1848 paragraphum
350 1765 496 1829 adnotat:
541 1765 717 1845 „Nimirum
743 1767 868 1847 quando
904 1785 959 1831 ens
982 1766 1158 1830 universale
1185 1784 1283 1828 arnum
1308 1765 1357 1828 di-

79 1875 169 1951 citur,
193 1892 250 1954 per
270 1873 398 1936 modum
421 1872 502 1935 entis
522 1873 701 1953 singularis,
725 1874 867 1954 adeoque
887 1879 976 1938 extra
995 1873 1169 1954 singularia
1188 1872 1355 1935 existentis

80 1981 306 2044 consideratur.
352 1978 411 2042 Est
435 1997 508 2042 vero
542 1979 592 2042 hic
625 1997 744 2057 sensus,
778 1980 851 2042 dum
885 1998 984 2061 genus
1013 1981 1064 2044 vel
1095 1980 1231 2060 speciem
1256 1998 1356 2042 unum

82 2087 248 2168 quidesse
278 2084 480 2164 affirmamus,
513 2087 578 2149 scil.
609 2086 667 2150 hoe
697 2105 795 2168 genus
825 2106 922 2150 unum
955 2092 1012 2165 est,
1044 2087 1093 2150 vel
1126 2085 1204 2149 haec
1233 2087 1357 2166 species

81 2215 144 2260 una
168 2202 230 2259 est:
254 2213 352 2276 genus
377 2194 436 2258 hoc
461 2194 511 2258 vel
534 2194 612 2259 haec
636 2195 755 2276 species
769 2195 832 2259 tale
857 2214 911 2259 ens
930 2195 1107 2259 universale
1130 2198 1186 2271 est,
1210 2196 1246 2256 ut
1270 2192 1356 2256 aliud

82 2321 137 2366 ens
161 2302 338 2365 universale
361 2301 554 2382 impossibile
578 2303 627 2380 sit,
652 2302 736 2383 quod
759 2303 811 2365 illo
837 2320 962 2383 genere,
986 2303 1036 2366 vel
1058 2302 1120 2366 ista
1143 2299 1247 2380 speeie
1272 2300 1356 2363 idem

83 2411 131 2474 sit.
177 2408 290 2473 Unitas
314 2409 391 2472 haec
415 2408 476 2472 dici
499 2409 579 2472 solet
601 2409 824 2472 transcentalis
848 2411 923 2472 etc,“
976 2409 1058 2471 Num
1086 2415 1193 2472 autem
1224 2405 1357 2470 Wolfius

84 2536 122 2581 ex
146 2516 411 2581 Scholasticorum
436 2516 592 2580 sententia
615 2521 701 2580 recte
726 2516 810 2579 dicat
842 2516 996 2579 unitatem
1021 2515 1101 2578 entis
1133 2513 1359 2578 transcenden-

85 2625 181 2688 talem
205 2621 383 2704 significare
408 2622 493 2686 aliud
516 2640 579 2686 non
609 2627 726 2701 extare,
758 2623 842 2703 quod
873 2623 956 2687 idem
985 2623 1034 2699 sit,
1062 2621 1153 2686 facile
1183 2620 1359 2702 dijudicare

85 2732 204 2813 poteris
228 2730 254 2794 si
278 2749 315 2793 ea
338 2731 508 2810 praecipue
531 2729 718 2813 respexeris,
744 2748 824 2810 quae
855 2749 893 2793 ex
916 2728 1036 2793 Thema
1068 2728 1224 2809 Aquinate
1252 2728 1359 2791 attuli-

87 2858 163 2902 mus.
210 2837 366 2919 Equidem
389 2837 421 2900 in
445 2836 706 2900 scholasticorum
730 2837 852 2901 unitate
872 2836 1142 2901 transcendentali
1157 2836 1257 2899 latere
1281 2840 1360 2915 puto

86 2946 265 3017 Kantianae
299 2944 483 3026 syntheseos
525 2944 687 3025 originem.
745 2942 894 3008 Wolfium
934 2944 1059 3008 omnino
1100 2942 1360 3007 scholasticorum

87 3054 259 3118 sententias
282 3071 345 3116 non
368 3051 566 3132 perspexisse
596 3052 692 3116 etiam
716 3051 814 3114 exiis
845 3050 1020 3131 apparebit,
1052 3068 1132 3130 quae
1162 3049 1200 3113 de
1230 3049 1361 3137 reliquis

87 3161 382 3226 transcendentibus
418 3159 553 3241 exponit.
606 3158 712 3222 Pauca
745 3177 784 3223 ex
822 3158 859 3221 iis
894 3158 1046 3239 eligimus.
1092 3156 1237 3236 „Veritas
1271 3156 1361 3225 adeo.

89 3289 169 3350 quae
192 3267 476 3332 transcendentalis
500 3266 679 3347 appellatur
702 3271 734 3331 et
757 3265 852 3330 rebus
875 3265 951 3346 ipsis
974 3266 1077 3329 inesse
1101 3263 1289 3345 intelligitur
1313 3273 1361 3327 est

89 3379 167 3442 ordo
191 3379 223 3441 in
233 3377 388 3440 varietate
406 3394 523 3453 eorum,
548 3394 629 3455 quae
652 3375 744 3438 simul
764 3379 837 3438 sunt
860 3392 896 3437 ac
913 3391 946 3437 se
965 3373 1098 3437 invicem
1118 3375 1361 3452 consequuntur,

90 3492 154 3564 aut,
184 3487 211 3550 si
241 3485 349 3562 mavis,
380 3483 457 3548 orde
482 3501 600 3562 eorum,
631 3501 712 3563 quae
744 3482 808 3545 enti
841 3479 1055 3545 conveniunt.“
1101 3476 1364 3558 „Consideremus

90 3595 141 3658 hic
165 3613 220 3658 ens
255 3592 408 3670 absolute,
443 3608 605 3678 non-vero
642 3590 674 3655 in
697 3589 852 3654 relatione
887 3589 928 3652 ad
962 3590 1211 3668 cognoscentem,
1247 3604 1308 3666 quo
1333 3586 1364 3648 in

92 3721 167 3766 casu
190 3700 361 3782 posteriori
385 3716 561 3762 ensuerum
581 3697 704 3776 dicitur,
729 3696 813 3778 quod
826 3696 890 3760 tale
914 3701 971 3773 est,
995 3695 1087 3776 quale
1103 3693 1193 3758 nobis
1217 3696 1363 3772 apparet:

94 3882 303 3890 *ew—-

199 3966 222 3998 ⁸⁸
250 3967 282 4020 cf.
322 3968 380 4018 ,23
401 3965 461 4019 adn.
481 3968 524 4018 27.

199 3975 230 4123 ³⁴3
250 3983 430 4123 Phriosophia
448 4054 545 4124 prima,
564 4053 621 4107 sive
640 4052 784 4120 Ontologia
802 4052 928 4106 methodo
956 4047 1102 4104 scientifica
1129 4051 1293 4114 pertractata
1312 4061 1367 4113 qua

71 4145 167 4191 omnm
193 4145 363 4207 cognitionis
386 4145 527 4198 humanae
550 4143 691 4213 principia
719 4143 897 4198 continentur.
951 4141 1054 4194 Autore
1079 4137 1143 4192 Chr.
1170 4134 1277 4189 Wolfio.
1315 4133 1367 4204 Ed,

42 4233 128 4275 nora.
148 4227 343 4284 Maneolurti
358 4238 389 4286 et
405 4235 525 4304 Lipsiae
545 4237 628 4291 1736,
