2834 4514
693 156 711 216 7
795 242 803 253 ,

62 362 126 427 bus
151 362 398 444 praedicaretur.
448 361 497 426 Ab
529 381 565 428 ee
594 365 693 444 enim,
724 367 807 446 quod
831 367 962 432 dicimus
985 368 1043 432 Est
1066 371 1267 451 participium
1290 373 1335 436 in-

64 470 239 550 flectentes,
262 467 384 534 Graeco
408 470 533 550 quidem
557 489 701 535 sermone
725 468 762 534 ὄν
785 474 881 540 latine
903 494 957 538 ens
981 477 1225 556 appellaverunt.
1273 478 1334 544 Sed

65 577 256 642 Aristoteles
286 577 534 658 sapientissimus
561 579 786 658 principiorum
821 583 964 661 cognitor
987 582 1141 647 reclamat
1169 584 1240 648 hnic
1268 604 1333 649 sen·

66 686 190 751 tentiae
215 703 278 760 nec
301 683 341 748 ad
364 703 460 747 unum
484 702 534 748 res
566 703 673 750 omnes
696 693 789 766 putat
818 687 888 750 duci
912 706 1003 767 posse
1026 689 1249 770 primordium,
1279 693 1334 756 sed

64 792 175 858 decem
198 809 266 855 esse
293 808 410 872 genera
440 791 472 853 in
494 791 596 855 rebus
643 791 730 868 Quae
755 811 824 856 cum
852 815 871 856 a
894 795 1069 875 semetipsis
1100 796 1224 860 diversa
1252 804 1333 878 sunt,

64 904 134 964 tum
158 898 199 962 ad
222 897 340 961 nullum
363 915 526 960 commune
548 899 739 979 principium
764 900 958 964 educuntur“
978 898 1002 985 8)
1027 908 1084 966 etc.
1112 902 1333 982 „Convincitur

64 1007 126 1071 hac
150 1023 274 1086 quoque
296 1003 420 1067 ratione
443 1003 490 1082 id,
522 1005 605 1084 quod
629 1005 759 1068 dicimus
783 1023 853 1085 ens,
883 1008 1211 1087 praedicamentorum
1234 1030 1332 1091 genus

64 1130 135 1178 esse
167 1130 229 1177 non
251 1129 359 1192 posse,
392 1110 482 1173 unius
506 1111 587 1174 enim
617 1112 669 1193 rei
694 1112 755 1176 duo
779 1131 897 1192 genera
929 1132 996 1178 esse
1020 1133 1081 1178 non
1105 1123 1250 1196 possunt,
1273 1119 1332 1182 nisi

61 1220 199 1286 alterum
222 1217 314 1282 alteri
337 1216 535 1296 subjiciatur,
567 1222 602 1280 ut
625 1217 758 1281 hominis
784 1237 883 1298 genus
908 1226 955 1283 est
978 1222 1094 1285 animal
1117 1224 1256 1288 animato
1280 1245 1332 1289 ve-

63 1329 113 1394 lut
136 1325 255 1408 species
278 1328 482 1404 supponatur.
528 1325 571 1386 At
594 1324 620 1386 si
644 1323 705 1385 duo
720 1323 844 1388 sibimet
867 1325 913 1388 ita
935 1327 1079 1407 aequalia
1103 1329 1173 1408 sint,
1196 1336 1232 1393 ut
1255 1350 1332 1395 nun-

62 1453 159 1517 qnam
182 1431 275 1496 alteri
298 1432 433 1494 aiterum
456 1439 665 1509 supponatur,
689 1429 767 1493 haec
790 1436 925 1511 utraque
950 1433 1051 1517 eidem
1074 1435 1188 1515 speciei
1213 1457 1331 1517 genera

62 1559 133 1606 esse
156 1558 218 1603 non
240 1542 380 1619 possunt.
425 1535 490 1599 Ens
521 1536 619 1617 igitur
642 1542 738 1616 atque
762 1536 866 1600 Unum
890 1543 1038 1604 neutrum
1069 1541 1161 1606 alteri
1184 1545 1331 1624 supponi-

60 1654 130 1725 tur,
159 1645 366 1726 nequeenim
393 1643 483 1705 unius
507 1643 610 1707 dicere
640 1661 805 1723 possumus
828 1663 926 1724 genus
950 1665 1018 1724 ena,
1053 1666 1111 1711 nec
1134 1649 1214 1728 ejus,
1247 1651 1330 1730 quod

61 1754 195 1819 dicimus
229 1770 298 1830 ens,
327 1769 433 1813 unum.
478 1750 557 1814 Nam
590 1750 673 1829 quod
706 1751 836 1813 dicimus
867 1770 939 1830 ens,
963 1773 1058 1816 unum
1082 1761 1149 1832 est,
1182 1763 1214 1818 et
1247 1758 1330 1836 quod

61 1879 160 1926 unum
184 1858 323 1935 dicimus,
347 1875 401 1920 ens
424 1861 484 1934 est,
508 1874 606 1936 genus
629 1861 735 1919 autem
764 1862 795 1920 et
824 1859 943 1938 species
966 1859 1025 1923 sibi
1049 1861 1180 1924 invicem
1203 1864 1330 1928 minime

62 1971 298 2034 convertuntur.
345 1964 378 2028 Si
401 1963 498 2043 igitur
521 1962 723 2042 praedicatur
746 1982 801 2026 ens
829 1965 867 2026 de
891 1965 1034 2029 omnibus
1057 1968 1328 2049 praedicamentis,

61 2073 265 2158 praedicatur
288 2071 383 2134 etiam
410 2088 514 2132 unum.
560 2068 641 2132 Nam
664 2069 840 2133 substantia
863 2089 959 2134 unum
982 2078 1043 2150 est,
1075 2075 1210 2154 qualitas
1233 2096 1328 2140 unum

62 2187 119 2261 est,
144 2179 302 2260 quant'tas
325 2195 422 2240 unum
446 2181 501 2254 cst,
525 2181 693 2256 ceteraque
717 2176 757 2239 ad
781 2176 863 2240 hunc
886 2177 1022 2242 modum.
1068 2180 1100 2244 Si
1124 2181 1229 2262 igitur,
1254 2202 1329 2264 quo-

60 2290 146 2355 niam
168 2287 247 2351 Esse
271 2286 310 2350 de
333 2284 475 2349 omnibus
507 2283 555 2346 his
578 2284 788 2364 praedicatur,
813 2285 951 2348 omnium
983 2304 1081 2366 genus
1113 2289 1174 2352 erit
1198 2309 1264 2354 ens:
1297 2296 1329 2356 et

59 2415 171 2473 unum,
202 2381 349 2475 quoniam
381 2391 420 2455 de
459 2391 602 2455 omnibus
631 2392 843 2472 praedicatur,
877 2391 938 2456 erit
961 2393 1100 2457 omnium
1132 2415 1245 2476 genua,
1273 2399 1329 2462 sed

59 2522 158 2568 unum
181 2505 277 2582 atque
300 2517 354 2563 ens
379 2495 429 2581 (ut
452 2497 702 2562 demonstratum
725 2497 786 2579 est)
810 2499 937 2562 minime
959 2499 1095 2564 aiterum
1119 2503 1213 2566 alteri
1236 2523 1328 2584 prae·

60 2609 198 2692 ponitur.
243 2605 315 2668 Duo
343 2604 440 2685 igitur
463 2603 608 2684 aequalia
637 2604 831 2685 smgrdorum
854 2604 1183 2684 praedicamentorum
1211 2629 1328 2691 genera

61 2720 144 2795 sunt,
169 2713 252 2796 quod
264 2710 333 2776 fieri
355 2710 466 2791 nequit
477 2707 518 2790 ⁹):
542 2709 683 2774 cumhcc
706 2711 803 2791 igitur
826 2710 870 2774 ita
893 2711 942 2790 sit,
966 2711 997 2774 id
1009 2711 1203 2796 Porphyrius
1226 2717 1328 2782 deter-

60 2822 192 2887 minavit
214 2820 334 2884 dicens:
357 2835 420 2881 non
442 2817 488 2880 ita
510 2817 540 2879 in
557 2816 651 2880 rebus
675 2817 764 2880 utin
787 2816 913 2881 familiis
936 2819 1041 2882 omnia
1064 2820 1104 2883 ad
1127 2840 1224 2885 unum
1241 2824 1327 2903 prin-

61 2931 177 3012 cipium
199 2945 292 3009 posse
315 2923 440 3002 deduci,
463 2941 521 2988 nec
544 2923 682 2987 omnium
705 2941 813 2987 rerum
836 2942 999 2989 commune
1024 2943 1091 2990 esse
1103 2946 1201 3008 genus
1224 2947 1326 3009 posse,

59 3044 96 3103 ut
119 3037 282 3101 Aristoteli
308 3035 427 3116 placet,
462 3032 516 3097 sed
546 3036 619 3095 sunt
648 3031 830 3112 praeposita
853 3031 969 3112 inquit,
1004 3033 1267 3113 quemadmodum
1295 3036 1327 3100 in

58 3143 323 3227 praedicamentis
346 3141 542 3217 dictumest,
565 3137 668 3218 prima
691 3138 799 3203 decem
822 3139 967 3220 genera.“
1017 3138 1102 3215 Quos
1124 3140 1253 3206 Boetius
1276 3161 1326 3206 re-

57 3251 198 3334 spexerit
220 3269 290 3314 cum
314 3248 398 3312 dicat
421 3245 585 3311 nonnullos
608 3263 763 3309 summmn
781 3263 880 3326 genus
903 3263 958 3309 ens
970 3246 1116 3325 posuisse
1138 3247 1222 3311 haud
1246 3247 1326 3312 diffi-

59 3359 117 3424 cile
141 3363 189 3423 est
213 3360 395 3437 perspectu:
418 3359 491 3418 sunt
514 3354 596 3418 enim
621 3352 733 3431 Stoici,
757 3371 890 3434 quorum
913 3352 1035 3433 priores
1059 3355 1139 3418 entis
1162 3355 1322 3419 notionem

58 3483 213 3531 summam
236 3453 430 3540 habuerunt,
460 3461 652 3541 posteriores
682 3464 787 3524 autem
812 3478 882 3523 cum
906 3477 1040 3539 corpora
1063 3464 1187 3524 tantum
1217 3480 1326 3526 secun-

56 3574 133 3637 dum
156 3571 332 3636 Stoicorom
355 3567 530 3631 doctrinam
555 3585 591 3631 re
614 3585 689 3630 vera
712 3567 792 3644 sint,
822 3567 944 3630 animus
969 3570 1074 3629 autem
1097 3572 1206 3631 noster
1229 3569 1325 3632 etiam

59 3717 131 3725 ”
150 3714 359 3814 ''q'‘{crrante
379 3742 396 3794 ι.
415 3741 432 3794 1.
452 3741 465 3794 1
484 3758 510 3810 p.
531 3744 593 3796 ιιι.

163 3853 184 3919 ⁹)
204 3852 238 3905 cf.
255 3851 339 3905 Arist.
365 3853 420 3915 top.
439 3847 486 3914 IV,
512 3850 573 3914 61).
603 3851 661 3914 127,
688 3863 712 3917 a,
739 3850 791 3903 28:
818 3856 838 3900 εἰ
859 3837 902 3900 οὖν
923 3849 950 3900 vd
974 3847 1003 3900 ὅν
1023 3853 1091 3915 γένος
1113 3847 1229 3914 ἀπέδωκε,
1252 3853 1326 3914 δῆλον

52 3943 94 3997 ὅτι
123 3943 219 3994 πάντων
240 3939 273 3993 ἂν
293 3945 328 4004 εἴη
350 3941 427 4003 γένος,
446 3936 524 3999 ἐπειδὴ
549 3941 716 4006 κατηγορεῖιαι
737 3935 824 3988 adtira·
852 3941 903 3988 aad
927 3933 1023 3994 οὐδενὸς
1051 3938 1101 4008 γὰρ
1122 3938 1148 3990 τὸ
1178 3943 1245 4004 γένος
1271 3938 1323 3991 ἀλλ’

53 4032 70 4098 ἢ
89 4031 152 4083 naui
181 4037 227 4082 τῶν
248 4033 317 4082 εἰδῶν
349 4033 524 4098 κατηγορεῖται.
551 4025 608 4078 aiom
629 4030 671 4077 καὶ
692 4026 718 4077 τὰ
742 4028 766 4078 ἓν
788 4022 848 4085 εἶδος
870 4025 902 4079 ἂν
923 4031 957 4092 εἴη
977 4032 1016 4078 wi·
1035 4027 1109 4085 deror.
1137 4031 1265 4096 συμβαίνει
1281 4016 1326 4080 οἷον

55 4121 119 4175 κατὰ
144 4109 298 4188 nauminia
315 4119 341 4170 τὸ
360 4123 427 4185 γένος
451 4122 627 4187 κατηγορεῖται,
646 4118 687 4166 καὶ
709 4116 735 4166 ui
755 4112 815 4174 εἶδος
832 4121 1028 4188 καιηγορεῖσθικι,
1047 4116 1128 4183 ἐπειδὴ
1146 4117 1172 4168 τὸ
1191 4116 1221 4169 ὃν
1239 4122 1280 4170 καὶ
1297 4117 1324 4170 cri

53 4213 80 4264 ἓν
104 4209 166 4260 κατὰ
191 4209 289 4261 narcara
303 4205 387 4268 ἁπλοῖς
411 4212 589 4279 κατηγορεῖται,
607 4208 660 4258 dior
678 4206 713 4258 ir?
733 4209 832 4259 ituatur
850 4205 879 4259 ui
898 4200 963 4263 εἶδος
977 4208 1186 4271 aququqe'mim·
