2834 4514
84 327 153 373 rem
177 308 354 373 accuratius
377 309 522 390 inquisivi
550 330 623 377 num
646 312 697 377 ille
722 331 774 377 eas
802 312 946 377 notiones
976 330 1013 377 eo
1045 312 1172 378 nomine
1204 310 1352 395 significa-

87 416 174 480 verit.
220 415 301 481 Nam
331 417 438 481 Picum
463 417 500 481 de
524 420 648 482 nomine
672 424 805 497 tantum,
835 437 896 483 non
924 418 963 483 de
993 419 1069 499 ipsis
1096 418 1278 484 notionibus
1301 418 1353 483 hoe

86 523 155 587 loco
179 543 274 605 agere
297 530 395 604 patet,
418 525 587 589 cumidem
611 545 640 606 p.
657 518 820 590 lb'O'dicat
832 525 1035 590 Aristotelem
1054 526 1162 591 multis
1182 525 1260 590 locis
1278 523 1355 591 affir-

86 647 173 693 mare
196 649 301 708 unmn,
334 649 396 709 ens,
429 649 547 711 verum,
588 632 702 696 bonurn
727 632 786 696 sibi
810 633 941 696 invicem
972 633 1174 713 respondere,
1198 650 1262 713 quo
1292 632 1356 697 loeo

87 752 184 816 supra
203 737 269 815 ,iam
293 737 341 801 usi
364 757 479 802 sumus.
526 738 587 803 Sed
611 739 686 803 nihil
717 740 822 820 reperi
852 740 936 821 apud
966 738 1111 827 Boetium
1134 757 1238 820 neque
1267 738 1357 803 aliam

87 843 219 906 nominis
243 844 480 925 explicationem
505 845 648 926 prolerre
671 865 808 926 possum,
832 864 941 926 quam:
965 846 1102 926 primum
1124 845 1271 909 notiones
1294 844 1358 909 illas

87 948 154 1014 Deo
180 956 299 1014 tanam
325 951 494 1015 attributas
525 960 635 1033 postea
659 954 783 1016 demum
818 952 858 1016 ad
889 953 1066 1033 categorias
1095 952 1215 1017 relatas
1245 956 1280 1016 et
1309 968 1359 1015 no

87 1075 167 1134 men,
191 1057 275 1137 quod
298 1059 426 1139 proprie
449 1066 571 1123 tantum
590 1061 620 1123 in
640 1059 741 1123 Deum
764 1059 900 1136 cederet,
924 1065 1084 1123 servatum
1104 1077 1181 1123 esse.
1227 1057 1359 1122 Omnino

88 1170 192 1227 autem
216 1165 313 1228 totius
337 1165 376 1229 de
399 1166 694 1231 transcendentibus
719 1167 882 1230 doctrinae
906 1166 995 1247 origo
1028 1171 1077 1231 est
1104 1166 1197 1230 valde
1220 1165 1360 1230 obseura.

87 1268 124 1333 Id
153 1269 287 1335 fortasse
318 1271 392 1335 mihi
421 1274 576 1354 conjicere
606 1273 678 1337 licet
710 1274 863 1354 originem
887 1273 1100 1353 quaerendam
1123 1290 1192 1337 esse
1224 1272 1258 1336 in
1281 1271 1360 1337 Neo-

88 1375 322 1442 Platonieorum
343 1379 494 1459 doctrina,
519 1399 588 1444 cum
607 1387 734 1444 sanctus
746 1380 882 1443 Thomas
899 1384 1035 1460 quatuor
1053 1380 1197 1444 notiones
1221 1398 1261 1444 ex
1284 1377 1360 1443 libro

89 1482 128 1547 de
166 1486 251 1571 cauis
295 1488 473 1567 sumpserit,
506 1506 598 1568 quem
633 1486 961 1551 Neo-Platonicorum
994 1485 1169 1551 doctrinam
1203 1486 1362 1551 continere

89 1595 186 1656 testes
210 1599 282 1657 sunt
306 1594 342 1669 ei,
368 1612 501 1674 quorum
526 1594 623 1657 libros
647 1613 744 1674 supra
768 1593 937 1657 attulimus.

196 1699 268 1763 Jam
304 1701 344 1764 ad
378 1700 511 1764 Alstedii
551 1702 795 1782 disputationem
833 1700 1052 1765 illustrandam
1086 1718 1189 1780 pauca
1221 1697 1365 1763 addenda

90 1806 243 1871 videntur.
278 1807 379 1871 Deum
401 1809 664 1889 praedicamentis
687 1825 749 1871 non
762 1807 914 1871 contineri
925 1807 993 1887 jam
1007 1807 1197 1871 vetustiores
1213 1822 1365 1888 cognove-

90 1920 172 1991 rant,
207 1915 360 1994 equibus
392 1914 602 1996 Augustinum
636 1913 749 1979 afferre
773 1915 849 1978 satis
873 1915 922 1992 sit,
956 1914 1009 1993 qui
1041 1913 1080 1977 de
1111 1913 1183 1977 triu.
1230 1911 1269 1993 V,
1296 1914 1362 1991 1,2

90 2021 258 2101 categoriis
287 2021 386 2084 utitur
409 2022 449 2085 ad
472 2021 531 2085 Dei
556 2027 701 2085 naturam
732 2020 1048 2089 circumscribendam
1078 2038 1150 2083 oum
1182 2019 1278 2083 dieat
1322 2016 1365 2083 Ut

90 2128 134 2192 sic
157 2127 490 2209 intelligamuslleum,
514 2129 540 2193 si
559 2117 736 2209 possumus,
760 2122 826 2192 sine
855 2127 1010 2209 qualitate
1027 2127 1243 2205 bonum,·sine
1268 2142 1364 2207 quan-

90 2235 182 2299 titate
206 2254 364 2316 magnum,
394 2236 460 2300 sine
483 2237 655 2317 indigentia
682 2240 867 2313 creatorem,
890 2234 956 2299 sine
980 2234 1043 2298 situ
1061 2237 1275 2315 praesentem,
1298 2231 1364 2295 sine

90 2342 201 2407 habitu
225 2343 329 2406 omnia
353 2343 573 2422 continentem,
596 2344 662 2408 sine
679 2344 747 2407 loco
770 2343 886 2423 ubique
904 2346 1016 2421 totum,
1040 2341 1106 2405 sine
1125 2347 1270 2422 tempore
1286 2356 1365 2405 sem·

91 2451 258 2531 piternum,
281 2451 347 2513 sine
370 2449 434 2514 ulla
457 2434 505 2514 sui
533 2452 705 2515 mutatione
734 2450 898 2514 mutabilia
925 2449 1092 2513 facientem
1122 2448 1263 2529 nihilque
1286 2446 1365 2529 pati·

91 2563 204 2622 entem.
250 2556 397 2637 Quisquis
439 2556 540 2621 Deum
574 2559 620 2622 ita
652 2559 781 2639 cogitat,
818 2557 876 2621 etsi
920 2556 1058 2621 nondum
1090 2557 1198 2637 potest
1240 2553 1367 2619 omnino

91 2664 231 2729 invenire
256 2665 330 2745 quid
360 2666 409 2742 sit,
441 2665 492 2745 pie
522 2671 628 2729 tamen
656 2670 756 2743 cavet,
791 2668 942 2745 quantum
970 2668 1084 2744 potest,
1117 2661 1235 2743 aliquid
1267 2660 1306 2725 cle
1328 2677 1365 2724 eo

91 2771 208 2836 sentire
233 2771 307 2851 quid
331 2791 393 2834 non
416 2772 465 2834 sit.
511 2773 569 2836 Est
598 2777 705 2836 tamen
735 2772 800 2835 sine
832 2770 1028 2835 dubitatione
1058 2769 1244 2847 substantia,
1267 2766 1318 2831 vel
1340 2764 1366 2831 si

92 2879 204 2943 melius
216 2877 275 2941 hoc
286 2879 400 2942 dicitur
413 2880 566 2943 essentia“
584 2876 632 2959 20).
657 2877 701 2942 Ol.
716 2877 937 2942 Litomislenus
951 2874 1000 2961 21),
1012 2875 1189 2958 Metaphys.
1201 2894 1227 2938 o.
1240 2879 1259 2938 2
1273 2892 1303 2956 p.
1319 2877 1369 2938 13.

145 2966 148 2971 ¹
198 2985 267 3062 Quo
285 2986 353 3050 loco
372 2986 482 3049 dividit
495 2985 744 3066 Metaphysicam
761 2985 792 3048 in
805 2989 929 3065 partem
943 2983 1123 3064 generalem
1142 2987 1174 3046 et
1186 2980 1366 3063 specialem,

93 3111 226 3175 quarum
248 3086 388 3173 priorem
412 3091 471 3156 hoc
494 3092 587 3156 modo
607 3091 770 3155 describit:
798 3089 895 3171 „Pars
913 3090 1069 3171 generalis
1081 3097 1138 3169 est,
1162 3108 1243 3170 quae
1265 3086 1367 3152 tradit

92 3199 361 3277 transcendentia;
386 3218 465 3279 quae
489 3203 563 3262 sunt
585 3198 676 3262 Entis
700 3205 766 3261 tum
791 3197 954 3278 principia,
984 3203 1052 3261 tum
1080 3196 1255 3278 passiones:
1287 3211 1368 3275 quae

93 3311 239 3373 dicuntur
262 3308 516 3372 transcendentia
543 3327 579 3372 eo
605 3307 687 3387 quod
712 3311 869 3387 vagantur
891 3324 949 3386 per
972 3304 1078 3368 omnia
1101 3302 1369 3384 praedicamenta,

92 3418 215 3482 ratione
240 3416 481 3481 communitatis.
528 3415 614 3479 Deus
645 3415 706 3478 alio
741 3432 835 3478 sensu
862 3413 977 3476 dieitur
1004 3400 1246 3495 transcendens,
1275 3407 1368 3473 videl.

93 3526 215 3589 ratione
240 3524 427 3587 eminentiae
452 3528 483 3586 et
506 3522 751 3603 singularitatis“
790 3527 820 3583 et
850 3519 994 3583 similiter
1017 3517 1102 3581 Deus
1129 3520 1220 3580 extra
1243 3514 1370 3596 praedi·

93 3637 238 3698 cementa
272 3650 340 3696 esse
373 3632 488 3696 dicitur
520 3632 550 3694 in
583 3630 702 3712 Logiea
734 3626 968 3709 Hamburgensi
989 3622 1039 3709 ²²).
1084 3623 1132 3687 Ea
1165 3641 1246 3705 quae
1279 3627 1375 3686 extra·

93 3740 349 3823 praedicamenta
371 3744 452 3818 sunt,
480 3739 596 3819 partim
620 3743 693 3801 sunt
717 3740 871 3815 exempta,
895 3732 1012 3813 partim
1031 3730 1164 3794 exlcusa.

99 3848 231 3930 “aa
250 3861 484 3928 rimuennourg:
513 3861 520 3912 1
549 3860 565 3912 r.
585 3860 596 3912 r
616 3877 643 3927 p.
663 3862 714 3911 243

201 3951 232 4019 ²¹)
251 3949 453 4019 Metaphysicae
472 3948 631 4002 brevissima
656 3947 798 4000 delineatio
824 3952 872 3999 etc.
891 3942 1039 4011 proposita
1058 3956 1074 3993 a
1095 3938 1222 3993 iohanne
1240 3938 1371 3993 Litomilo

94 4040 269 4095 Litomisleno
288 4038 415 4093 Bohemo.
454 4037 611 4091 H‹·rbornae
629 4035 831 4089 Nassoviorum.
869 4033 947 4086 Anno
974 4028 1161 4084 Coronationis
1187 4029 1226 4097 pii
1252 4027 1371 4097 lndupe·

94 4128 345 4263 ratom'pMffllglcea
361 4198 589 4267 Hamburgensis,
610 4196 662 4252 hoc
691 4201 739 4268 est,
765 4194 885 4250 lnstitut.
913 4191 1019 4259 legisse
1036 4194 1087 4243 ⁰⁴³⁶·
1111 4188 1371 4263 ⁸¹¹t0‘⁰-J⁰⁸⁰him⁰

19 4338 24 4345 .
52 4274 168 4340 lmese
192 4284 275 4350 rrae,
292 4301 323 4351 p.
345 4288 390 4342 aa.
