<?xml version="1.0" encoding="UTF-8"?>
<!DOCTYPE html PUBLIC "-//W3C//DTD XHTML 1.0 Transitional//EN"
    "http://www.w3.org/TR/xhtml1/DTD/xhtml1-transitional.dtd">
<html xmlns="http://www.w3.org/1999/xhtml" xml:lang="en" lang="en">
 <head>
  <title>
</title>
<meta http-equiv="Content-Type" content="text/html;charset=utf-8" />
  <meta name='ocr-system' content='tesseract 3.04.00' />
  <meta name='ocr-capabilities' content='ocr_page ocr_carea ocr_par ocr_line ocrx_word'/>
</head>
<body>
  <div class='ocr_page' id='page_1' title='image "./deoriginetermin00schmgoog_0011.png"; bbox 0 0 2834 4514; ppageno 0'>
   <div class='ocr_carea' id='block_1_1' title="bbox 71 70 1384 3965">
    <p class='ocr_par' dir='ltr' id='par_1_1' title="bbox 71 70 1384 3965">
     <span class='ocr_line' id='line_1_1' title="bbox 602 70 1384 252; baseline -0.01 -3"><span class='ocrx_word' id='word_1_1' title='bbox 602 155 811 252; x_wconf 37' lang='lat' dir='ltr'>.-u</span> <span class='ocrx_word' id='word_1_2' title='bbox 1379 70 1384 241; x_wconf 83' lang='lat' dir='ltr'>l</span> 
     </span>
     <span class='ocr_line' id='line_1_2' title="bbox 73 358 1384 441; baseline 0.002 -19"><span class='ocrx_word' id='word_1_3' title='bbox 73 377 128 422; x_wconf 92' lang='lat' dir='ltr'>cur</span> <span class='ocrx_word' id='word_1_4' title='bbox 151 378 263 423; x_wconf 91' lang='lat' dir='ltr'>nomen</span> <span class='ocrx_word' id='word_1_5' title='bbox 292 362 579 426; x_wconf 89' lang='lat' dir='ltr'>transcendentium</span> <span class='ocrx_word' id='word_1_6' title='bbox 615 363 673 426; x_wconf 88' lang='lat' dir='ltr'>illis</span> <span class='ocrx_word' id='word_1_7' title='bbox 704 361 882 426; x_wconf 83' lang='lat' dir='ltr'>notionibus</span> <span class='ocrx_word' id='word_1_8' title='bbox 916 361 1096 440; x_wconf 91' lang='lat' dir='ltr'>impositum</span> <span class='ocrx_word' id='word_1_9' title='bbox 1132 361 1181 424; x_wconf 90' lang='lat' dir='ltr'>sit.</span> <span class='ocrx_word' id='word_1_10' title='bbox 1229 358 1340 425; x_wconf 78' lang='lat' dir='ltr'>Conse</span> <span class='ocrx_word' id='word_1_11' title='bbox 1382 368 1384 441; x_wconf 73' lang='grc' dir='ltr'>ξ</span> 
     </span>
     <span class='ocr_line' id='line_1_3' title="bbox 72 465 1340 550; baseline 0.002 -22"><span class='ocrx_word' id='word_1_12' title='bbox 72 465 171 529; x_wconf 86' lang='lat' dir='ltr'>reuda</span> <span class='ocrx_word' id='word_1_13' title='bbox 200 472 272 530; x_wconf 90' lang='lat' dir='ltr'>sunt</span> <span class='ocrx_word' id='word_1_14' title='bbox 294 472 462 547; x_wconf 89' lang='lat' dir='ltr'>praeterea</span> <span class='ocrx_word' id='word_1_15' title='bbox 493 469 569 534; x_wconf 89' lang='lat' dir='ltr'>haec</span> <span class='ocrx_word' id='word_1_16' title='bbox 593 469 733 534; x_wconf 84' lang='lat' dir='ltr'>Thomas</span> <span class='ocrx_word' id='word_1_17' title='bbox 755 469 853 550; x_wconf 89' lang='lat' dir='ltr'>ipsius</span> <span class='ocrx_word' id='word_1_18' title='bbox 876 466 993 545; x_wconf 88' lang='lat' dir='ltr'>verba,</span> <span class='ocrx_word' id='word_1_19' title='bbox 1027 484 1107 546; x_wconf 88' lang='lat' dir='ltr'>quac</span> <span class='ocrx_word' id='word_1_20' title='bbox 1130 466 1172 530; x_wconf 90' lang='lat' dir='ltr'>ad</span> <span class='ocrx_word' id='word_1_21' title='bbox 1205 465 1287 543; x_wconf 50' lang='lat' dir='ltr'>libri¹</span> <span class='ocrx_word' id='word_1_22' title='bbox 1305 466 1340 530; x_wconf 91' lang='lat' dir='ltr'>de</span> 
     </span>
     <span class='ocr_line' id='line_1_4' title="bbox 73 573 1340 656; baseline 0.002 -21"><span class='ocrx_word' id='word_1_23' title='bbox 73 573 175 636; x_wconf 88' lang='lat' dir='ltr'>causis</span> <span class='ocrx_word' id='word_1_24' title='bbox 197 573 361 638; x_wconf 91' lang='lat' dir='ltr'>lectionem</span> <span class='ocrx_word' id='word_1_25' title='bbox 377 575 422 639; x_wconf 92' lang='lat' dir='ltr'>VI</span> <span class='ocrx_word' id='word_1_26' title='bbox 445 576 658 656; x_wconf 82' lang='lat' dir='ltr'>explicandam</span> <span class='ocrx_word' id='word_1_27' title='bbox 683 577 821 640; x_wconf 85' lang='lat' dir='ltr'>adnotat.</span> <span class='ocrx_word' id='word_1_28' title='bbox 872 574 938 654; x_wconf 87' lang='lat' dir='ltr'>„De</span> <span class='ocrx_word' id='word_1_29' title='bbox 962 591 1056 637; x_wconf 88' lang='lat' dir='ltr'>causa</span> <span class='ocrx_word' id='word_1_30' title='bbox 1072 573 1176 653; x_wconf 91' lang='lat' dir='ltr'>prima</span> <span class='ocrx_word' id='word_1_31' title='bbox 1199 573 1262 637; x_wconf 91' lang='lat' dir='ltr'>hoc</span> <span class='ocrx_word' id='word_1_32' title='bbox 1286 578 1340 650; x_wconf 87' lang='lat' dir='ltr'>est,</span> 
     </span>
     <span class='ocr_line' id='line_1_5' title="bbox 73 679 1384 763; baseline 0.002 -22"><span class='ocrx_word' id='word_1_33' title='bbox 73 679 157 759; x_wconf 95' lang='lat' dir='ltr'>quod</span> <span class='ocrx_word' id='word_1_34' title='bbox 180 680 341 760; x_wconf 80' lang='lat' dir='ltr'>potissime</span> <span class='ocrx_word' id='word_1_35' title='bbox 365 683 445 746; x_wconf 91' lang='lat' dir='ltr'>scire</span> <span class='ocrx_word' id='word_1_36' title='bbox 468 701 641 763; x_wconf 89' lang='lat' dir='ltr'>possumus,</span> <span class='ocrx_word' id='word_1_37' title='bbox 666 683 750 763; x_wconf 93' lang='lat' dir='ltr'>quod</span> <span class='ocrx_word' id='word_1_38' title='bbox 773 701 897 746; x_wconf 90' lang='lat' dir='ltr'>omnem</span> <span class='ocrx_word' id='word_1_39' title='bbox 913 680 1076 744; x_wconf 91' lang='lat' dir='ltr'>scientiam</span> <span class='ocrx_word' id='word_1_40' title='bbox 1101 684 1133 743; x_wconf 90' lang='lat' dir='ltr'>et</span> <span class='ocrx_word' id='word_1_41' title='bbox 1148 680 1340 744; x_wconf 90' lang='lat' dir='ltr'>locutionem</span> <span class='ocrx_word' id='word_1_42' title='bbox 1374 710 1384 761; x_wconf 68' lang='lat'>¹.</span> 
     </span>
     <span class='ocr_line' id='line_1_6' title="bbox 72 778 1384 872; baseline -0.002 -22"><span class='ocrx_word' id='word_1_43' title='bbox 72 791 213 850; x_wconf 90' lang='lat' dir='ltr'>nostram</span> <span class='ocrx_word' id='word_1_44' title='bbox 238 788 368 852; x_wconf 82' lang='lat' dir='ltr'>excedit.</span> <span class='ocrx_word' id='word_1_45' title='bbox 413 788 470 853; x_wconf 93' lang='lat' dir='ltr'>Ille</span> <span class='ocrx_word' id='word_1_46' title='bbox 499 791 581 853; x_wconf 90' lang='lat' dir='ltr'>enim</span> <span class='ocrx_word' id='word_1_47' title='bbox 615 789 843 872; x_wconf 81' lang='lat' dir='ltr'>perfectissime</span> <span class='ocrx_word' id='word_1_48' title='bbox 866 787 968 851; x_wconf 90' lang='lat' dir='ltr'>Deum</span> <span class='ocrx_word' id='word_1_49' title='bbox 992 786 1172 868; x_wconf 80' lang='lat' dir='ltr'>cognoscit,</span> <span class='ocrx_word' id='word_1_50' title='bbox 1204 787 1261 866; x_wconf 93' lang='lat' dir='ltr'>qui</span> <span class='ocrx_word' id='word_1_51' title='bbox 1283 785 1340 849; x_wconf 92' lang='lat' dir='ltr'>hoc</span> <span class='ocrx_word' id='word_1_52' title='bbox 1381 778 1384 857; x_wconf 83' lang='grc' dir='ltr'>Ι</span> 
     </span>
     <span class='ocr_line' id='line_1_7' title="bbox 74 874 1384 978; baseline -0.001 -21"><span class='ocrx_word' id='word_1_53' title='bbox 74 893 113 957; x_wconf 93' lang='lat' dir='ltr'>de</span> <span class='ocrx_word' id='word_1_54' title='bbox 136 894 205 974; x_wconf 91' lang='lat' dir='ltr'>ipso</span> <span class='ocrx_word' id='word_1_55' title='bbox 228 899 331 973; x_wconf 89' lang='lat' dir='ltr'>tenet,</span> <span class='ocrx_word' id='word_1_56' title='bbox 361 897 443 976; x_wconf 92' lang='lat' dir='ltr'>quod</span> <span class='ocrx_word' id='word_1_57' title='bbox 468 897 617 977; x_wconf 90' lang='lat' dir='ltr'>quicquid</span> <span class='ocrx_word' id='word_1_58' title='bbox 641 897 775 978; x_wconf 89' lang='lat' dir='ltr'>cogitari</span> <span class='ocrx_word' id='word_1_59' title='bbox 797 896 846 960; x_wconf 89' lang='lat' dir='ltr'>vel</span> <span class='ocrx_word' id='word_1_60' title='bbox 871 895 931 958; x_wconf 92' lang='lat' dir='ltr'>dici</span> <span class='ocrx_word' id='word_1_61' title='bbox 963 895 1002 957; x_wconf 92' lang='lat' dir='ltr'>de</span> <span class='ocrx_word' id='word_1_62' title='bbox 1026 911 1062 956; x_wconf 91' lang='lat' dir='ltr'>eo</span> <span class='ocrx_word' id='word_1_63' title='bbox 1085 897 1207 973; x_wconf 90' lang='lat' dir='ltr'>potest,</span> <span class='ocrx_word' id='word_1_64' title='bbox 1238 892 1340 956; x_wconf 86' lang='lat' dir='ltr'>minus</span> <span class='ocrx_word' id='word_1_65' title='bbox 1380 874 1384 897; x_wconf 63' lang='lat'>⁴</span> 
     </span>
     <span class='ocr_line' id='line_1_8' title="bbox 75 998 1384 1085; baseline -0.001 -22"><span class='ocrx_word' id='word_1_66' title='bbox 75 1004 125 1063; x_wconf 90' lang='lat' dir='ltr'>est</span> <span class='ocrx_word' id='word_1_67' title='bbox 148 1018 193 1078; x_wconf 88' lang='lat' dir='ltr'>co,</span> <span class='ocrx_word' id='word_1_68' title='bbox 219 1001 302 1080; x_wconf 91' lang='lat' dir='ltr'>quod</span> <span class='ocrx_word' id='word_1_69' title='bbox 326 1001 411 1066; x_wconf 86' lang='lat' dir='ltr'>Deus</span> <span class='ocrx_word' id='word_1_70' title='bbox 435 1008 491 1081; x_wconf 88' lang='lat' dir='ltr'>est,</span> <span class='ocrx_word' id='word_1_71' title='bbox 515 1004 597 1067; x_wconf 88' lang='lat' dir='ltr'>unde</span> <span class='ocrx_word' id='word_1_72' title='bbox 607 1004 735 1085; x_wconf 89' lang='lat' dir='ltr'>Dionys.</span> <span class='ocrx_word' id='word_1_73' title='bbox 760 1003 835 1066; x_wconf 91' lang='lat' dir='ltr'>dicit</span> <span class='ocrx_word' id='word_1_74' title='bbox 858 1003 890 1065; x_wconf 89' lang='lat' dir='ltr'>in</span> <span class='ocrx_word' id='word_1_75' title='bbox 917 999 1112 1064; x_wconf 84' lang='lat' dir='ltr'>lOMisticae</span> <span class='ocrx_word' id='word_1_76' title='bbox 1133 998 1232 1064; x_wconf 88' lang='lat' dir='ltr'>theol.</span> <span class='ocrx_word' id='word_1_77' title='bbox 1257 999 1341 1080; x_wconf 90' lang='lat' dir='ltr'>quod</span> <span class='ocrx_word' id='word_1_78' title='bbox 1382 1000 1384 1005; x_wconf 85' lang='lat'>&#39;</span> 
     </span>
     <span class='ocr_line' id='line_1_9' title="bbox 72 1106 1341 1191; baseline 0.001 -22"><span class='ocrx_word' id='word_1_79' title='bbox 72 1106 166 1169; x_wconf 92' lang='lat' dir='ltr'>homo</span> <span class='ocrx_word' id='word_1_80' title='bbox 198 1108 309 1170; x_wconf 91' lang='lat' dir='ltr'>melius</span> <span class='ocrx_word' id='word_1_81' title='bbox 340 1127 414 1173; x_wconf 87' lang='lat' dir='ltr'>suae</span> <span class='ocrx_word' id='word_1_82' title='bbox 445 1110 631 1191; x_wconf 85' lang='lat' dir='ltr'>cognitionis</span> <span class='ocrx_word' id='word_1_83' title='bbox 659 1111 760 1174; x_wconf 90' lang='lat' dir='ltr'>utitur</span> <span class='ocrx_word' id='word_1_84' title='bbox 782 1109 864 1188; x_wconf 88' lang='lat' dir='ltr'>Deo,</span> <span class='ocrx_word' id='word_1_85' title='bbox 894 1109 974 1172; x_wconf 90' lang='lat' dir='ltr'>sicut</span> <span class='ocrx_word' id='word_1_86' title='bbox 998 1107 1121 1171; x_wconf 91' lang='lat' dir='ltr'>omnino</span> <span class='ocrx_word' id='word_1_87' title='bbox 1144 1106 1275 1186; x_wconf 90' lang='lat' dir='ltr'>ignoto,</span> <span class='ocrx_word' id='word_1_88' title='bbox 1305 1123 1341 1170; x_wconf 93' lang='lat' dir='ltr'>eo</span> 
     </span>
     <span class='ocr_line' id='line_1_10' title="bbox 74 1213 1342 1298; baseline 0.001 -23"><span class='ocrx_word' id='word_1_89' title='bbox 74 1214 158 1294; x_wconf 93' lang='lat' dir='ltr'>quod</span> <span class='ocrx_word' id='word_1_90' title='bbox 192 1213 269 1277; x_wconf 90' lang='lat' dir='ltr'>nihil</span> <span class='ocrx_word' id='word_1_91' title='bbox 302 1215 339 1278; x_wconf 90' lang='lat' dir='ltr'>de</span> <span class='ocrx_word' id='word_1_92' title='bbox 364 1234 400 1279; x_wconf 93' lang='lat' dir='ltr'>eo</span> <span class='ocrx_word' id='word_1_93' title='bbox 431 1218 604 1298; x_wconf 88' lang='lat' dir='ltr'>cognoscit,</span> <span class='ocrx_word' id='word_1_94' title='bbox 638 1234 826 1298; x_wconf 88' lang='lat' dir='ltr'>cognoscens</span> <span class='ocrx_word' id='word_1_95' title='bbox 855 1216 957 1296; x_wconf 90' lang='lat' dir='ltr'>ipsum</span> <span class='ocrx_word' id='word_1_96' title='bbox 992 1232 1060 1277; x_wconf 89' lang='lat' dir='ltr'>esse</span> <span class='ocrx_word' id='word_1_97' title='bbox 1090 1231 1186 1294; x_wconf 91' lang='lat' dir='ltr'>supra</span> <span class='ocrx_word' id='word_1_98' title='bbox 1216 1229 1342 1277; x_wconf 89' lang='lat' dir='ltr'>omnem</span> 
     </span>
     <span class='ocr_line' id='line_1_11' title="bbox 73 1318 1343 1402; baseline 0.002 -21"><span class='ocrx_word' id='word_1_99' title='bbox 73 1325 209 1383; x_wconf 89' lang='lat' dir='ltr'>mentem</span> <span class='ocrx_word' id='word_1_100' title='bbox 241 1322 336 1384; x_wconf 91' lang='lat' dir='ltr'>etad</span> <span class='ocrx_word' id='word_1_101' title='bbox 365 1321 424 1385; x_wconf 89' lang='lat' dir='ltr'>hoc</span> <span class='ocrx_word' id='word_1_102' title='bbox 453 1324 680 1387; x_wconf 90' lang='lat' dir='ltr'>ostendendum</span> <span class='ocrx_word' id='word_1_103' title='bbox 704 1324 862 1387; x_wconf 90' lang='lat' dir='ltr'>inducitur</span> <span class='ocrx_word' id='word_1_104' title='bbox 884 1323 962 1387; x_wconf 90' lang='lat' dir='ltr'>haec</span> <span class='ocrx_word' id='word_1_105' title='bbox 991 1321 1178 1402; x_wconf 87' lang='lat' dir='ltr'>propositio:</span> <span class='ocrx_word' id='word_1_106' title='bbox 1216 1318 1343 1400; x_wconf 84' lang='lat' dir='ltr'>,Causa</span> 
     </span>
     <span class='ocr_line' id='line_1_12' title="bbox 72 1424 1343 1511; baseline 0.002 -23"><span class='ocrx_word' id='word_1_107' title='bbox 72 1425 175 1506; x_wconf 89' lang='lat' dir='ltr'>prima</span> <span class='ocrx_word' id='word_1_108' title='bbox 197 1427 341 1506; x_wconf 86' lang='lat' dir='ltr'>superior</span> <span class='ocrx_word' id='word_1_109' title='bbox 365 1434 412 1491; x_wconf 87' lang='lat' dir='ltr'>est</span> <span class='ocrx_word' id='word_1_110' title='bbox 435 1431 630 1508; x_wconf 81' lang='lat' dir='ltr'>narratione,</span> <span class='ocrx_word' id='word_1_111' title='bbox 660 1449 718 1511; x_wconf 93' lang='lat' dir='ltr'>per</span> <span class='ocrx_word' id='word_1_112' title='bbox 740 1430 953 1493; x_wconf 89' lang='lat' dir='ltr'>narrationem</span> <span class='ocrx_word' id='word_1_113' title='bbox 978 1434 1082 1492; x_wconf 89' lang='lat' dir='ltr'>autem</span> <span class='ocrx_word' id='word_1_114' title='bbox 1106 1431 1233 1508; x_wconf 89' lang='lat' dir='ltr'>oportet</span> <span class='ocrx_word' id='word_1_115' title='bbox 1258 1424 1343 1490; x_wconf 83' lang='lat' dir='ltr'>affir-</span> 
     </span>
     <span class='ocr_line' id='line_1_13' title="bbox 72 1533 1343 1616; baseline 0 -20"><span class='ocrx_word' id='word_1_116' title='bbox 72 1533 169 1596; x_wconf 87' lang='lat' dir='ltr'>matio</span> <span class='ocrx_word' id='word_1_117' title='bbox 193 1533 333 1614; x_wconf 88' lang='lat' dir='ltr'>intelligi,</span> <span class='ocrx_word' id='word_1_118' title='bbox 357 1536 587 1616; x_wconf 91' lang='lat' dir='ltr'>quiaquicquid</span> <span class='ocrx_word' id='word_1_119' title='bbox 611 1537 649 1600; x_wconf 89' lang='lat' dir='ltr'>de</span> <span class='ocrx_word' id='word_1_120' title='bbox 673 1555 709 1600; x_wconf 90' lang='lat' dir='ltr'>eo</span> <span class='ocrx_word' id='word_1_121' title='bbox 727 1534 918 1600; x_wconf 85' lang='lat' dir='ltr'>affirmamus</span> <span class='ocrx_word' id='word_1_122' title='bbox 942 1553 1002 1599; x_wconf 95' lang='lat' dir='ltr'>non</span> <span class='ocrx_word' id='word_1_123' title='bbox 1015 1533 1159 1598; x_wconf 86' lang='lat' dir='ltr'>convenit</span> <span class='ocrx_word' id='word_1_124' title='bbox 1182 1533 1211 1596; x_wconf 91' lang='lat' dir='ltr'>ei</span> <span class='ocrx_word' id='word_1_125' title='bbox 1230 1549 1343 1597; x_wconf 87' lang='lat' dir='ltr'>secun·</span> 
     </span>
     <span class='ocr_line' id='line_1_14' title="bbox 73 1639 1344 1723; baseline 0.002 -21"><span class='ocrx_word' id='word_1_126' title='bbox 73 1639 147 1702; x_wconf 92' lang='lat' dir='ltr'>dum</span> <span class='ocrx_word' id='word_1_127' title='bbox 172 1641 256 1720; x_wconf 91' lang='lat' dir='ltr'>quod</span> <span class='ocrx_word' id='word_1_128' title='bbox 280 1659 298 1704; x_wconf 90' lang='lat' dir='ltr'>a</span> <span class='ocrx_word' id='word_1_129' title='bbox 322 1641 411 1704; x_wconf 86' lang='lat' dir='ltr'>nobis</span> <span class='ocrx_word' id='word_1_130' title='bbox 442 1641 644 1723; x_wconf 87' lang='lat' dir='ltr'>significatur.</span> <span class='ocrx_word' id='word_1_131' title='bbox 698 1642 833 1706; x_wconf 86' lang='lat' dir='ltr'>Nomina</span> <span class='ocrx_word' id='word_1_132' title='bbox 865 1643 947 1706; x_wconf 89' lang='lat' dir='ltr'>enim</span> <span class='ocrx_word' id='word_1_133' title='bbox 977 1641 1107 1705; x_wconf 88' lang='lat' dir='ltr'>anobis</span> <span class='ocrx_word' id='word_1_134' title='bbox 1129 1640 1281 1720; x_wconf 87' lang='lat' dir='ltr'>imposita</span> <span class='ocrx_word' id='word_1_135' title='bbox 1304 1640 1344 1704; x_wconf 89' lang='lat' dir='ltr'>si-</span> 
     </span>
     <span class='ocr_line' id='line_1_15' title="bbox 73 1745 1344 1830; baseline 0.002 -22"><span class='ocrx_word' id='word_1_136' title='bbox 73 1745 222 1826; x_wconf 88' lang='lat' dir='ltr'>gnificant</span> <span class='ocrx_word' id='word_1_137' title='bbox 245 1765 302 1827; x_wconf 92' lang='lat' dir='ltr'>per</span> <span class='ocrx_word' id='word_1_138' title='bbox 314 1748 449 1827; x_wconf 91' lang='lat' dir='ltr'>modurn,</span> <span class='ocrx_word' id='word_1_139' title='bbox 474 1767 566 1829; x_wconf 88' lang='lat' dir='ltr'>quern</span> <span class='ocrx_word' id='word_1_140' title='bbox 576 1749 786 1830; x_wconf 72' lang='lat' dir='ltr'>intelligimus</span> <span class='ocrx_word' id='word_1_141' title='bbox 811 1767 903 1829; x_wconf 92' lang='lat' dir='ltr'>quem</span> <span class='ocrx_word' id='word_1_142' title='bbox 928 1748 1053 1828; x_wconf 91' lang='lat' dir='ltr'>quidem</span> <span class='ocrx_word' id='word_1_143' title='bbox 1065 1747 1192 1811; x_wconf 92' lang='lat' dir='ltr'>modum</span> <span class='ocrx_word' id='word_1_144' title='bbox 1215 1747 1248 1809; x_wconf 92' lang='lat' dir='ltr'>in</span> <span class='ocrx_word' id='word_1_145' title='bbox 1273 1764 1344 1812; x_wconf 90' lang='lat' dir='ltr'>esse</span> 
     </span>
     <span class='ocr_line' id='line_1_16' title="bbox 74 1835 1342 1934; baseline 0.002 -19"><span class='ocrx_word' id='word_1_146' title='bbox 74 1852 211 1916; x_wconf 89' lang='lat' dir='ltr'>divinum</span> <span class='ocrx_word' id='word_1_147' title='bbox 243 1835 446 1918; x_wconf 84' lang='lat' dir='ltr'>transcendit¹</span> <span class='ocrx_word' id='word_1_148' title='bbox 474 1857 598 1918; x_wconf 88' lang='lat' dir='ltr'>unum.“</span> <span class='ocrx_word' id='word_1_149' title='bbox 634 1854 774 1930; x_wconf 82' lang='lat' dir='ltr'>Quorum</span> <span class='ocrx_word' id='word_1_150' title='bbox 806 1855 976 1918; x_wconf 89' lang='lat' dir='ltr'>verborum</span> <span class='ocrx_word' id='word_1_151' title='bbox 1008 1859 1168 1934; x_wconf 91' lang='lat' dir='ltr'>postrema</span> <span class='ocrx_word' id='word_1_152' title='bbox 1202 1851 1342 1917; x_wconf 81' lang='lat' dir='ltr'>fortasse</span> 
     </span>
     <span class='ocr_line' id='line_1_17' title="bbox 73 1958 1342 2040; baseline 0.002 -19"><span class='ocrx_word' id='word_1_153' title='bbox 73 1958 309 2038; x_wconf 85' lang='lat' dir='ltr'>explicationem</span> <span class='ocrx_word' id='word_1_154' title='bbox 345 1961 434 2024; x_wconf 86' lang='lat' dir='ltr'>verbi</span> <span class='ocrx_word' id='word_1_155' title='bbox 469 1962 710 2026; x_wconf 90' lang='lat' dir='ltr'>transcendendi</span> <span class='ocrx_word' id='word_1_156' title='bbox 751 1962 923 2040; x_wconf 86' lang='lat' dir='ltr'>continent,</span> <span class='ocrx_word' id='word_1_157' title='bbox 953 1961 1008 2024; x_wconf 91' lang='lat' dir='ltr'>sed</span> <span class='ocrx_word' id='word_1_158' title='bbox 1044 1960 1226 2023; x_wconf 88' lang='lat' dir='ltr'>obscuriora</span> <span class='ocrx_word' id='word_1_159' title='bbox 1257 1964 1342 2038; x_wconf 89' lang='lat' dir='ltr'>sunt,</span> 
     </span>
     <span class='ocr_line' id='line_1_18' title="bbox 72 2066 1342 2150; baseline 0.002 -22"><span class='ocrx_word' id='word_1_160' title='bbox 72 2083 164 2144; x_wconf 89' lang='lat' dir='ltr'>quam</span> <span class='ocrx_word' id='word_1_161' title='bbox 191 2085 227 2129; x_wconf 87' lang='lat' dir='ltr'>ex</span> <span class='ocrx_word' id='word_1_162' title='bbox 252 2067 364 2148; x_wconf 89' lang='lat' dir='ltr'>quibus</span> <span class='ocrx_word' id='word_1_163' title='bbox 388 2069 466 2131; x_wconf 91' lang='lat' dir='ltr'>certi</span> <span class='ocrx_word' id='word_1_164' title='bbox 490 2069 564 2148; x_wconf 88' lang='lat' dir='ltr'>quid</span> <span class='ocrx_word' id='word_1_165' title='bbox 589 2069 700 2150; x_wconf 87' lang='lat' dir='ltr'>conjici</span> <span class='ocrx_word' id='word_1_166' title='bbox 722 2069 828 2148; x_wconf 89' lang='lat' dir='ltr'>possit.</span> <span class='ocrx_word' id='word_1_167' title='bbox 876 2067 936 2132; x_wconf 83' lang='lat' dir='ltr'>Sed</span> <span class='ocrx_word' id='word_1_168' title='bbox 960 2071 995 2130; x_wconf 91' lang='lat' dir='ltr'>ut</span> <span class='ocrx_word' id='word_1_169' title='bbox 1007 2085 1088 2130; x_wconf 92' lang='lat' dir='ltr'>nunc</span> <span class='ocrx_word' id='word_1_170' title='bbox 1113 2066 1237 2147; x_wconf 91' lang='lat' dir='ltr'>quidem</span> <span class='ocrx_word' id='word_1_171' title='bbox 1263 2085 1342 2131; x_wconf 91' lang='lat' dir='ltr'>non-</span> 
     </span>
     <span class='ocr_line' id='line_1_19' title="bbox 74 2172 1342 2256; baseline 0.002 -22"><span class='ocrx_word' id='word_1_172' title='bbox 74 2172 168 2236; x_wconf 90' lang='lat' dir='ltr'>minis</span> <span class='ocrx_word' id='word_1_173' title='bbox 190 2175 343 2255; x_wconf 83' lang='lat' dir='ltr'>originem</span> <span class='ocrx_word' id='word_1_174' title='bbox 366 2175 563 2256; x_wconf 88' lang='lat' dir='ltr'>negligamus</span> <span class='ocrx_word' id='word_1_175' title='bbox 587 2181 618 2239; x_wconf 89' lang='lat' dir='ltr'>et</span> <span class='ocrx_word' id='word_1_176' title='bbox 641 2194 708 2239; x_wconf 90' lang='lat' dir='ltr'>rem</span> <span class='ocrx_word' id='word_1_177' title='bbox 732 2193 960 2255; x_wconf 88' lang='lat' dir='ltr'>persequamur</span> <span class='ocrx_word' id='word_1_178' title='bbox 983 2173 1181 2237; x_wconf 88' lang='lat' dir='ltr'>adBoetium</span> <span class='ocrx_word' id='word_1_179' title='bbox 1203 2173 1342 2237; x_wconf 87' lang='lat' dir='ltr'>redeun-</span> 
     </span>
     <span class='ocr_line' id='line_1_20' title="bbox 72 2277 1338 2362; baseline 0.002 -22"><span class='ocrx_word' id='word_1_180' title='bbox 72 2277 145 2341; x_wconf 92' lang='lat' dir='ltr'>dum</span> <span class='ocrx_word' id='word_1_181' title='bbox 170 2285 225 2358; x_wconf 89' lang='lat' dir='ltr'>est,</span> <span class='ocrx_word' id='word_1_182' title='bbox 249 2299 309 2361; x_wconf 89' lang='lat' dir='ltr'>quo</span> <span class='ocrx_word' id='word_1_183' title='bbox 333 2286 414 2344; x_wconf 90' lang='lat' dir='ltr'>teste</span> <span class='ocrx_word' id='word_1_184' title='bbox 424 2282 560 2362; x_wconf 90' lang='lat' dir='ltr'>scriptor</span> <span class='ocrx_word' id='word_1_185' title='bbox 583 2283 665 2345; x_wconf 93' lang='lat' dir='ltr'>illius</span> <span class='ocrx_word' id='word_1_186' title='bbox 689 2282 838 2362; x_wconf 87' lang='lat' dir='ltr'>opusculi,</span> <span class='ocrx_word' id='word_1_187' title='bbox 862 2281 946 2362; x_wconf 89' lang='lat' dir='ltr'>quod</span> <span class='ocrx_word' id='word_1_188' title='bbox 972 2281 1029 2360; x_wconf 91' lang='lat' dir='ltr'>,de</span> <span class='ocrx_word' id='word_1_189' title='bbox 1052 2284 1167 2344; x_wconf 88' lang='lat' dir='ltr'>natura</span> <span class='ocrx_word' id='word_1_190' title='bbox 1190 2279 1338 2362; x_wconf 86' lang='lat' dir='ltr'>generis“</span> 
     </span>
     <span class='ocr_line' id='line_1_21' title="bbox 71 2384 1342 2468; baseline 0.002 -22"><span class='ocrx_word' id='word_1_191' title='bbox 71 2384 255 2466; x_wconf 89' lang='lat' dir='ltr'>inscriptum</span> <span class='ocrx_word' id='word_1_192' title='bbox 279 2392 339 2466; x_wconf 88' lang='lat' dir='ltr'>est,</span> <span class='ocrx_word' id='word_1_193' title='bbox 369 2388 497 2465; x_wconf 94' lang='lat' dir='ltr'>nititur,</span> <span class='ocrx_word' id='word_1_194' title='bbox 528 2407 597 2451; x_wconf 92' lang='lat' dir='ltr'>cum</span> <span class='ocrx_word' id='word_1_195' title='bbox 628 2389 703 2452; x_wconf 89' lang='lat' dir='ltr'>dicit</span> <span class='ocrx_word' id='word_1_196' title='bbox 727 2407 833 2466; x_wconf 93' lang='lat' dir='ltr'>omne,</span> <span class='ocrx_word' id='word_1_197' title='bbox 865 2387 948 2468; x_wconf 91' lang='lat' dir='ltr'>quod</span> <span class='ocrx_word' id='word_1_198' title='bbox 971 2387 1025 2464; x_wconf 89' lang='lat' dir='ltr'>sit,</span> <span class='ocrx_word' id='word_1_199' title='bbox 1055 2387 1125 2450; x_wconf 90' lang='lat' dir='ltr'>ideo</span> <span class='ocrx_word' id='word_1_200' title='bbox 1149 2403 1231 2462; x_wconf 89' lang='lat' dir='ltr'>esse,</span> <span class='ocrx_word' id='word_1_201' title='bbox 1264 2386 1342 2466; x_wconf 88' lang='lat' dir='ltr'>quia</span> 
     </span>
     <span class='ocr_line' id='line_1_22' title="bbox 73 2491 1341 2573; baseline 0.002 -19"><span class='ocrx_word' id='word_1_202' title='bbox 73 2509 167 2555; x_wconf 91' lang='lat' dir='ltr'>unum</span> <span class='ocrx_word' id='word_1_203' title='bbox 197 2513 326 2557; x_wconf 91' lang='lat' dir='ltr'>numero</span> <span class='ocrx_word' id='word_1_204' title='bbox 356 2495 404 2558; x_wconf 89' lang='lat' dir='ltr'>sit.</span> <span class='ocrx_word' id='word_1_205' title='bbox 450 2495 535 2558; x_wconf 91' lang='lat' dir='ltr'>Dicit</span> <span class='ocrx_word' id='word_1_206' title='bbox 564 2495 645 2558; x_wconf 90' lang='lat' dir='ltr'>enim</span> <span class='ocrx_word' id='word_1_207' title='bbox 668 2495 797 2558; x_wconf 90' lang='lat' dir='ltr'>Boetius</span> <span class='ocrx_word' id='word_1_208' title='bbox 827 2495 858 2557; x_wconf 92' lang='lat' dir='ltr'>in</span> <span class='ocrx_word' id='word_1_209' title='bbox 887 2494 1099 2573; x_wconf 88' lang='lat' dir='ltr'>disputatione</span> <span class='ocrx_word' id='word_1_210' title='bbox 1133 2492 1190 2572; x_wconf 92' lang='lat' dir='ltr'>,de</span> <span class='ocrx_word' id='word_1_211' title='bbox 1213 2491 1341 2556; x_wconf 89' lang='lat' dir='ltr'>unitate</span> 
     </span>
     <span class='ocr_line' id='line_1_23' title="bbox 72 2597 1341 2682; baseline 0.002 -22"><span class='ocrx_word' id='word_1_212' title='bbox 72 2602 104 2661; x_wconf 93' lang='lat' dir='ltr'>et</span> <span class='ocrx_word' id='word_1_213' title='bbox 127 2601 207 2663; x_wconf 86' lang='lat' dir='ltr'>uno“</span> <span class='ocrx_word' id='word_1_214' title='bbox 237 2597 260 2681; x_wconf 72' lang='grc'>7)</span> <span class='ocrx_word' id='word_1_215' title='bbox 288 2600 419 2681; x_wconf 84' lang='lat' dir='ltr'>,Unitas</span> <span class='ocrx_word' id='word_1_216' title='bbox 443 2607 498 2682; x_wconf 89' lang='lat' dir='ltr'>est,</span> <span class='ocrx_word' id='word_1_217' title='bbox 523 2620 584 2682; x_wconf 90' lang='lat' dir='ltr'>qna</span> <span class='ocrx_word' id='word_1_218' title='bbox 608 2621 669 2665; x_wconf 90' lang='lat' dir='ltr'>una</span> <span class='ocrx_word' id='word_1_219' title='bbox 694 2620 835 2681; x_wconf 89' lang='lat' dir='ltr'>quaeque</span> <span class='ocrx_word' id='word_1_220' title='bbox 859 2618 909 2664; x_wconf 92' lang='lat' dir='ltr'>res</span> <span class='ocrx_word' id='word_1_221' title='bbox 934 2600 1048 2664; x_wconf 89' lang='lat' dir='ltr'>dicitur</span> <span class='ocrx_word' id='word_1_222' title='bbox 1071 2617 1139 2663; x_wconf 89' lang='lat' dir='ltr'>esse</span> <span class='ocrx_word' id='word_1_223' title='bbox 1161 2617 1239 2676; x_wconf 90' lang='lat' dir='ltr'>una,</span> <span class='ocrx_word' id='word_1_224' title='bbox 1272 2599 1341 2663; x_wconf 91' lang='lat' dir='ltr'>sive</span> 
     </span>
     <span class='ocr_line' id='line_1_24' title="bbox 73 2705 1339 2788; baseline 0.002 -21"><span class='ocrx_word' id='word_1_225' title='bbox 73 2705 154 2768; x_wconf 88' lang='lat' dir='ltr'>enirn</span> <span class='ocrx_word' id='word_1_226' title='bbox 178 2711 225 2770; x_wconf 90' lang='lat' dir='ltr'>est</span> <span class='ocrx_word' id='word_1_227' title='bbox 257 2709 388 2788; x_wconf 83' lang='lat' dir='ltr'>simplex</span> <span class='ocrx_word' id='word_1_228' title='bbox 411 2709 475 2772; x_wconf 88' lang='lat' dir='ltr'>sive</span> <span class='ocrx_word' id='word_1_229' title='bbox 500 2708 687 2788; x_wconf 88' lang='lat' dir='ltr'>composita,</span> <span class='ocrx_word' id='word_1_230' title='bbox 717 2709 782 2771; x_wconf 87' lang='lat' dir='ltr'>sive</span> <span class='ocrx_word' id='word_1_231' title='bbox 805 2706 990 2787; x_wconf 89' lang='lat' dir='ltr'>spiritualis,</span> <span class='ocrx_word' id='word_1_232' title='bbox 1020 2707 1084 2770; x_wconf 82' lang='lat' dir='ltr'>sive</span> <span class='ocrx_word' id='word_1_233' title='bbox 1108 2722 1261 2784; x_wconf 91' lang='lat' dir='ltr'>corporea</span> <span class='ocrx_word' id='word_1_234' title='bbox 1286 2724 1339 2769; x_wconf 90' lang='lat' dir='ltr'>res</span> 
     </span>
     <span class='ocr_line' id='line_1_25' title="bbox 72 2811 1339 2896; baseline 0.001 -23"><span class='ocrx_word' id='word_1_235' title='bbox 72 2811 192 2876; x_wconf 88' lang='lat' dir='ltr'>unitate</span> <span class='ocrx_word' id='word_1_236' title='bbox 215 2833 276 2876; x_wconf 84' lang='lat' dir='ltr'>una</span> <span class='ocrx_word' id='word_1_237' title='bbox 300 2821 436 2892; x_wconf 74' lang='lat' dir='ltr'>estnec</span> <span class='ocrx_word' id='word_1_238' title='bbox 459 2820 563 2896; x_wconf 83' lang='lat' dir='ltr'>potest</span> <span class='ocrx_word' id='word_1_239' title='bbox 587 2833 654 2878; x_wconf 87' lang='lat' dir='ltr'>esse</span> <span class='ocrx_word' id='word_1_240' title='bbox 677 2833 739 2878; x_wconf 91' lang='lat' dir='ltr'>una</span> <span class='ocrx_word' id='word_1_241' title='bbox 763 2814 822 2876; x_wconf 88' lang='lat' dir='ltr'>nisi</span> <span class='ocrx_word' id='word_1_242' title='bbox 844 2815 979 2892; x_wconf 90' lang='lat' dir='ltr'>unitate,</span> <span class='ocrx_word' id='word_1_243' title='bbox 1009 2814 1089 2876; x_wconf 84' lang='lat' dir='ltr'>sicut</span> <span class='ocrx_word' id='word_1_244' title='bbox 1113 2812 1185 2876; x_wconf 90' lang='lat' dir='ltr'>alba</span> <span class='ocrx_word' id='word_1_245' title='bbox 1208 2812 1268 2874; x_wconf 91' lang='lat' dir='ltr'>nisi</span> <span class='ocrx_word' id='word_1_246' title='bbox 1294 2811 1339 2875; x_wconf 92' lang='lat' dir='ltr'>al-</span> 
     </span>
     <span class='ocr_line' id='line_1_26' title="bbox 71 2916 1338 3003; baseline 0.002 -23"><span class='ocrx_word' id='word_1_247' title='bbox 71 2916 192 2997; x_wconf 87' lang='lat' dir='ltr'>betine,</span> <span class='ocrx_word' id='word_1_248' title='bbox 214 2939 271 2984; x_wconf 87' lang='lat' dir='ltr'>nec</span> <span class='ocrx_word' id='word_1_249' title='bbox 296 2925 414 3001; x_wconf 86' lang='lat' dir='ltr'>quanta</span> <span class='ocrx_word' id='word_1_250' title='bbox 443 2923 502 2986; x_wconf 87' lang='lat' dir='ltr'>nisi</span> <span class='ocrx_word' id='word_1_251' title='bbox 527 2921 730 3003; x_wconf 87' lang='lat' dir='ltr'>quantitatc.“</span> <span class='ocrx_word' id='word_1_252' title='bbox 778 2921 850 2984; x_wconf 86' lang='lat' dir='ltr'>Jarn</span> <span class='ocrx_word' id='word_1_253' title='bbox 874 2922 971 3002; x_wconf 92' lang='lat' dir='ltr'>igitur</span> <span class='ocrx_word' id='word_1_254' title='bbox 999 2920 1118 3000; x_wconf 87' lang='lat' dir='ltr'>aliquid</span> <span class='ocrx_word' id='word_1_255' title='bbox 1145 2917 1338 2999; x_wconf 88' lang='lat' dir='ltr'>profecimus</span> 
     </span>
     <span class='ocr_line' id='line_1_27' title="bbox 72 3027 1338 3108; baseline 0 -20"><span class='ocrx_word' id='word_1_256' title='bbox 72 3029 108 3088; x_wconf 89' lang='lat' dir='ltr'>ut</span> <span class='ocrx_word' id='word_1_257' title='bbox 130 3043 369 3107; x_wconf 78' lang='lat' dir='ltr'>cognoscensa,</span> <span class='ocrx_word' id='word_1_258' title='bbox 398 3029 552 3108; x_wconf 92' lang='lat' dir='ltr'>quomodo</span> <span class='ocrx_word' id='word_1_259' title='bbox 583 3048 679 3092; x_wconf 91' lang='lat' dir='ltr'>unum</span> <span class='ocrx_word' id='word_1_260' title='bbox 707 3029 789 3091; x_wconf 89' lang='lat' dir='ltr'>inter</span> <span class='ocrx_word' id='word_1_261' title='bbox 818 3028 1072 3091; x_wconf 88' lang='lat' dir='ltr'>transcendentia</span> <span class='ocrx_word' id='word_1_262' title='bbox 1100 3029 1260 3105; x_wconf 88' lang='lat' dir='ltr'>receptum</span> <span class='ocrx_word' id='word_1_263' title='bbox 1287 3027 1338 3090; x_wconf 88' lang='lat' dir='ltr'>sit.</span> 
     </span>
     <span class='ocr_line' id='line_1_28' title="bbox 71 3131 1341 3214; baseline 0.003 -21"><span class='ocrx_word' id='word_1_264' title='bbox 71 3131 199 3195; x_wconf 90' lang='lat' dir='ltr'>Boetius</span> <span class='ocrx_word' id='word_1_265' title='bbox 224 3138 328 3197; x_wconf 86' lang='lat' dir='ltr'>autem</span> <span class='ocrx_word' id='word_1_266' title='bbox 357 3135 395 3197; x_wconf 94' lang='lat' dir='ltr'>de</span> <span class='ocrx_word' id='word_1_267' title='bbox 424 3136 536 3199; x_wconf 88' lang='lat' dir='ltr'>ceteris</span> <span class='ocrx_word' id='word_1_268' title='bbox 567 3153 623 3198; x_wconf 91' lang='lat' dir='ltr'>nos</span> <span class='ocrx_word' id='word_1_269' title='bbox 654 3135 804 3198; x_wconf 90' lang='lat' dir='ltr'>certiores</span> <span class='ocrx_word' id='word_1_270' title='bbox 834 3134 946 3198; x_wconf 90' lang='lat' dir='ltr'>reddet</span> <span class='ocrx_word' id='word_1_271' title='bbox 975 3139 1070 3214; x_wconf 90' lang='lat' dir='ltr'>atque</span> <span class='ocrx_word' id='word_1_272' title='bbox 1098 3133 1233 3213; x_wconf 93' lang='lat' dir='ltr'>primum</span> <span class='ocrx_word' id='word_1_273' title='bbox 1266 3151 1341 3197; x_wconf 89' lang='lat' dir='ltr'>eum</span> 
     </span>
     <span class='ocr_line' id='line_1_29' title="bbox 73 3238 1342 3323; baseline 0.002 -23"><span class='ocrx_word' id='word_1_274' title='bbox 73 3238 237 3302; x_wconf 89' lang='lat' dir='ltr'>audiamus</span> <span class='ocrx_word' id='word_1_275' title='bbox 262 3240 300 3304; x_wconf 89' lang='lat' dir='ltr'>de</span> <span class='ocrx_word' id='word_1_276' title='bbox 329 3246 400 3305; x_wconf 89' lang='lat' dir='ltr'>ente</span> <span class='ocrx_word' id='word_1_277' title='bbox 433 3247 648 3323; x_wconf 78' lang='lat' dir='ltr'>exponentem.</span> <span class='ocrx_word' id='word_1_278' title='bbox 696 3241 780 3304; x_wconf 88' lang='lat' dir='ltr'>Dicit</span> <span class='ocrx_word' id='word_1_279' title='bbox 804 3241 901 3305; x_wconf 90' lang='lat' dir='ltr'>enim:</span> <span class='ocrx_word' id='word_1_280' title='bbox 931 3240 967 3304; x_wconf 95' lang='lat' dir='ltr'>In</span> <span class='ocrx_word' id='word_1_281' title='bbox 1002 3239 1212 3322; x_wconf 89' lang='lat' dir='ltr'>Porphyrium</span> <span class='ocrx_word' id='word_1_282' title='bbox 1243 3258 1261 3301; x_wconf 87' lang='lat' dir='ltr'>a</span> <span class='ocrx_word' id='word_1_283' title='bbox 1287 3239 1342 3303; x_wconf 91' lang='lat' dir='ltr'>Vi-</span> 
     </span>
     <span class='ocr_line' id='line_1_30' title="bbox 72 3346 1342 3428; baseline 0.004 -21"><span class='ocrx_word' id='word_1_284' title='bbox 72 3346 192 3409; x_wconf 88' lang='lat' dir='ltr'>ctorino</span> <span class='ocrx_word' id='word_1_285' title='bbox 216 3348 403 3412; x_wconf 90' lang='lat' dir='ltr'>translatum</span> <span class='ocrx_word' id='word_1_286' title='bbox 427 3368 456 3428; x_wconf 93' lang='lat' dir='ltr'>p.</span> <span class='ocrx_word' id='word_1_287' title='bbox 488 3355 529 3411; x_wconf 77' lang='lat'>74</span> <span class='ocrx_word' id='word_1_288' title='bbox 552 3348 716 3411; x_wconf 91' lang='lat' dir='ltr'>nonnullus</span> <span class='ocrx_word' id='word_1_289' title='bbox 747 3366 801 3411; x_wconf 92' lang='lat' dir='ltr'>ens</span> <span class='ocrx_word' id='word_1_290' title='bbox 824 3366 979 3411; x_wconf 91' lang='lat' dir='ltr'>summum</span> <span class='ocrx_word' id='word_1_291' title='bbox 1009 3365 1107 3428; x_wconf 90' lang='lat' dir='ltr'>genus</span> <span class='ocrx_word' id='word_1_292' title='bbox 1135 3346 1342 3426; x_wconf 88' lang='lat' dir='ltr'>existimasse,</span> 
     </span>
     <span class='ocr_line' id='line_1_31' title="bbox 73 3452 1342 3536; baseline 0.002 -21"><span class='ocrx_word' id='word_1_293' title='bbox 73 3454 156 3533; x_wconf 91' lang='lat' dir='ltr'>quod</span> <span class='ocrx_word' id='word_1_294' title='bbox 180 3455 378 3519; x_wconf 87' lang='lat' dir='ltr'>curfeccrint</span> <span class='ocrx_word' id='word_1_295' title='bbox 402 3455 537 3536; x_wconf 88' lang='lat' dir='ltr'>explicat</span> <span class='ocrx_word' id='word_1_296' title='bbox 561 3455 776 3536; x_wconf 88' lang='lat' dir='ltr'>sequentibus:</span> <span class='ocrx_word' id='word_1_297' title='bbox 804 3454 936 3535; x_wconf 87' lang='lat' dir='ltr'>,Omnia</span> <span class='ocrx_word' id='word_1_298' title='bbox 960 3455 1040 3518; x_wconf 89' lang='lat' dir='ltr'>enim</span> <span class='ocrx_word' id='word_1_299' title='bbox 1058 3459 1131 3516; x_wconf 91' lang='lat' dir='ltr'>sunt</span> <span class='ocrx_word' id='word_1_300' title='bbox 1154 3459 1186 3516; x_wconf 89' lang='lat' dir='ltr'>et</span> <span class='ocrx_word' id='word_1_301' title='bbox 1210 3452 1248 3516; x_wconf 94' lang='lat' dir='ltr'>de</span> <span class='ocrx_word' id='word_1_302' title='bbox 1273 3472 1342 3517; x_wconf 95' lang='lat' dir='ltr'>om-</span> 
     </span>
     <span class='ocr_line' id='line_1_32' title="bbox 72 3560 1342 3643; baseline 0.003 -20"><span class='ocrx_word' id='word_1_303' title='bbox 72 3560 162 3624; x_wconf 86' lang='lat' dir='ltr'>nibus</span> <span class='ocrx_word' id='word_1_304' title='bbox 184 3562 263 3626; x_wconf 88' lang='lat' dir='ltr'>Esse</span> <span class='ocrx_word' id='word_1_305' title='bbox 285 3563 495 3643; x_wconf 88' lang='lat' dir='ltr'>praedicatur.</span> <span class='ocrx_word' id='word_1_306' title='bbox 541 3563 652 3643; x_wconf 90' lang='lat' dir='ltr'>Itaque</span> <span class='ocrx_word' id='word_1_307' title='bbox 676 3562 852 3626; x_wconf 87' lang='lat' dir='ltr'>substantia</span> <span class='ocrx_word' id='word_1_308' title='bbox 876 3569 932 3640; x_wconf 87' lang='lat' dir='ltr'>est,</span> <span class='ocrx_word' id='word_1_309' title='bbox 956 3568 988 3625; x_wconf 90' lang='lat' dir='ltr'>et</span> <span class='ocrx_word' id='word_1_310' title='bbox 1011 3561 1146 3642; x_wconf 89' lang='lat' dir='ltr'>qualitas</span> <span class='ocrx_word' id='word_1_311' title='bbox 1171 3565 1233 3638; x_wconf 82' lang='lat' dir='ltr'>est,</span> <span class='ocrx_word' id='word_1_312' title='bbox 1262 3560 1342 3626; x_wconf 90' lang='lat' dir='ltr'>item</span> 
     </span>
     <span class='ocr_line' id='line_1_33' title="bbox 73 3668 1342 3750; baseline 0.001 -19"><span class='ocrx_word' id='word_1_313' title='bbox 73 3669 231 3748; x_wconf 88' lang='lat' dir='ltr'>quantitas</span> <span class='ocrx_word' id='word_1_314' title='bbox 255 3675 310 3749; x_wconf 92' lang='lat' dir='ltr'>est,</span> <span class='ocrx_word' id='word_1_315' title='bbox 334 3675 501 3750; x_wconf 89' lang='lat' dir='ltr'>ceteraque</span> <span class='ocrx_word' id='word_1_316' title='bbox 526 3688 593 3733; x_wconf 90' lang='lat' dir='ltr'>esse</span> <span class='ocrx_word' id='word_1_317' title='bbox 617 3670 770 3748; x_wconf 89' lang='lat' dir='ltr'>dicuntur,</span> <span class='ocrx_word' id='word_1_318' title='bbox 795 3688 851 3733; x_wconf 90' lang='lat' dir='ltr'>nec</span> <span class='ocrx_word' id='word_1_319' title='bbox 876 3670 914 3733; x_wconf 92' lang='lat' dir='ltr'>de</span> <span class='ocrx_word' id='word_1_320' title='bbox 937 3668 985 3732; x_wconf 90' lang='lat' dir='ltr'>his</span> <span class='ocrx_word' id='word_1_321' title='bbox 1001 3668 1118 3748; x_wconf 90' lang='lat' dir='ltr'>aliquid</span> <span class='ocrx_word' id='word_1_322' title='bbox 1135 3672 1342 3749; x_wconf 87' lang='lat' dir='ltr'>tractaretur,</span> 
     </span>
     <span class='ocr_line' id='line_1_34' title="bbox 72 3773 1341 3857; baseline 0.002 -19"><span class='ocrx_word' id='word_1_323' title='bbox 72 3775 130 3838; x_wconf 92' lang='lat' dir='ltr'>nisi</span> <span class='ocrx_word' id='word_1_324' title='bbox 154 3775 247 3855; x_wconf 88' lang='lat' dir='ltr'>haec,</span> <span class='ocrx_word' id='word_1_325' title='bbox 280 3795 360 3857; x_wconf 87' lang='lat' dir='ltr'>quac</span> <span class='ocrx_word' id='word_1_326' title='bbox 383 3777 641 3857; x_wconf 82' lang='lat' dir='ltr'>praedicamenta</span> <span class='ocrx_word' id='word_1_327' title='bbox 670 3778 816 3840; x_wconf 91' lang='lat' dir='ltr'>dicuntur</span> <span class='ocrx_word' id='word_1_328' title='bbox 848 3794 914 3839; x_wconf 85' lang='lat' dir='ltr'>esse</span> <span class='ocrx_word' id='word_1_329' title='bbox 946 3778 1113 3838; x_wconf 88' lang='lat' dir='ltr'>constaret.</span> <span class='ocrx_word' id='word_1_330' title='bbox 1149 3773 1247 3850; x_wconf 80' lang='lat' dir='ltr'>¹Quae</span> <span class='ocrx_word' id='word_1_331' title='bbox 1268 3792 1341 3840; x_wconf 90' lang='lat' dir='ltr'>cum</span> 
     </span>
     <span class='ocr_line' id='line_1_35' title="bbox 71 3880 1343 3965; baseline 0 -21"><span class='ocrx_word' id='word_1_332' title='bbox 71 3883 116 3945; x_wconf 87' lang='lat' dir='ltr'>ita</span> <span class='ocrx_word' id='word_1_333' title='bbox 139 3883 201 3946; x_wconf 91' lang='lat' dir='ltr'>sint</span> <span class='ocrx_word' id='word_1_334' title='bbox 231 3883 375 3947; x_wconf 92' lang='lat' dir='ltr'>ultimum</span> <span class='ocrx_word' id='word_1_335' title='bbox 399 3884 536 3947; x_wconf 92' lang='lat' dir='ltr'>omnium</span> <span class='ocrx_word' id='word_1_336' title='bbox 561 3903 659 3965; x_wconf 85' lang='lat' dir='ltr'>genus</span> <span class='ocrx_word' id='word_1_337' title='bbox 684 3902 738 3948; x_wconf 90' lang='lat' dir='ltr'>ens</span> <span class='ocrx_word' id='word_1_338' title='bbox 762 3889 950 3964; x_wconf 89' lang='lat' dir='ltr'>posuerunt,</span> <span class='ocrx_word' id='word_1_339' title='bbox 981 3882 1045 3945; x_wconf 88' lang='lat' dir='ltr'>scil.</span> <span class='ocrx_word' id='word_1_340' title='bbox 1071 3883 1153 3962; x_wconf 92' lang='lat' dir='ltr'>quod</span> <span class='ocrx_word' id='word_1_341' title='bbox 1178 3880 1216 3944; x_wconf 92' lang='lat' dir='ltr'>de</span> <span class='ocrx_word' id='word_1_342' title='bbox 1240 3884 1343 3946; x_wconf 90' lang='lat' dir='ltr'>omni-</span> 
     </span>
    </p>
   </div>
   <div class='ocr_carea' id='block_1_2' title="bbox 42 4038 1343 4291">
    <p class='ocr_par' dir='ltr' id='par_1_2' title="bbox 42 4038 1343 4291">
     <span class='ocr_line' id='line_1_36' title="bbox 178 4038 1343 4109; baseline -0.002 -15"><span class='ocrx_word' id='word_1_343' title='bbox 178 4041 196 4109; x_wconf 83' lang='lat'>⁷)</span> <span class='ocrx_word' id='word_1_344' title='bbox 216 4041 301 4094; x_wconf 77' lang='lat' dir='ltr'>rinitii</span> <span class='ocrx_word' id='word_1_345' title='bbox 326 4041 420 4094; x_wconf 84' lang='lat' dir='ltr'>Manlii</span> <span class='ocrx_word' id='word_1_346' title='bbox 441 4041 562 4094; x_wconf 87' lang='lat' dir='ltr'>Severini</span> <span class='ocrx_word' id='word_1_347' title='bbox 582 4042 678 4095; x_wconf 89' lang='lat' dir='ltr'>Boethi</span> <span class='ocrx_word' id='word_1_348' title='bbox 707 4042 734 4094; x_wconf 91' lang='lat' dir='ltr'>in</span> <span class='ocrx_word' id='word_1_349' title='bbox 754 4041 877 4094; x_wconf 88' lang='lat' dir='ltr'>omnibus</span> <span class='ocrx_word' id='word_1_350' title='bbox 901 4040 1092 4109; x_wconf 87' lang='lat' dir='ltr'>philosophiae</span> <span class='ocrx_word' id='word_1_351' title='bbox 1119 4038 1242 4106; x_wconf 86' lang='lat' dir='ltr'>partibus</span> <span class='ocrx_word' id='word_1_352' title='bbox 1269 4038 1343 4092; x_wconf 90' lang='lat' dir='ltr'>inter</span> 
     </span>
     <span class='ocr_line' id='line_1_37' title="bbox 66 4127 1342 4200; baseline 0.002 -22"><span class='ocrx_word' id='word_1_353' title='bbox 66 4129 181 4181; x_wconf 80' lang='lat' dir='ltr'>Latinos</span> <span class='ocrx_word' id='word_1_354' title='bbox 201 4136 226 4181; x_wconf 87' lang='lat' dir='ltr'>et</span> <span class='ocrx_word' id='word_1_355' title='bbox 236 4130 352 4183; x_wconf 84' lang='lat' dir='ltr'>Graecos</span> <span class='ocrx_word' id='word_1_356' title='bbox 371 4137 478 4183; x_wconf 85' lang='lat' dir='ltr'>autores</span> <span class='ocrx_word' id='word_1_357' title='bbox 499 4131 629 4198; x_wconf 86' lang='lat' dir='ltr'>principis</span> <span class='ocrx_word' id='word_1_358' title='bbox 648 4145 738 4200; x_wconf 87' lang='lat' dir='ltr'>opera,</span> <span class='ocrx_word' id='word_1_359' title='bbox 758 4145 827 4197; x_wconf 85' lang='lat' dir='ltr'>quae</span> <span class='ocrx_word' id='word_1_360' title='bbox 838 4135 929 4184; x_wconf 87' lang='lat' dir='ltr'>extant</span> <span class='ocrx_word' id='word_1_361' title='bbox 948 4129 1038 4182; x_wconf 86' lang='lat' dir='ltr'>omnia</span> <span class='ocrx_word' id='word_1_362' title='bbox 1056 4132 1097 4180; x_wconf 90' lang='lat' dir='ltr'>etc</span> <span class='ocrx_word' id='word_1_363' title='bbox 1125 4127 1248 4179; x_wconf 87' lang='lat' dir='ltr'>Basileac</span> <span class='ocrx_word' id='word_1_364' title='bbox 1268 4129 1342 4194; x_wconf 90' lang='lat' dir='ltr'>apud</span> 
     </span>
     <span class='ocr_line' id='line_1_38' title="bbox 42 4209 645 4291; baseline 0.03 -32"><span class='ocrx_word' id='word_1_365' title='bbox 42 4209 218 4264; x_wconf 65' lang='lat' dir='ltr'>Hermetem</span> <span class='ocrx_word' id='word_1_366' title='bbox 236 4217 353 4270; x_wconf 81' lang='lat' dir='ltr'>Petrum</span> <span class='ocrx_word' id='word_1_367' title='bbox 374 4222 448 4274; x_wconf 75' lang='lat'><em>1546</em></span> <span class='ocrx_word' id='word_1_368' title='bbox 466 4220 514 4274; x_wconf 79' lang='lat' dir='ltr'>rol.</span> <span class='ocrx_word' id='word_1_369' title='bbox 534 4240 563 4291; x_wconf 92' lang='lat' dir='ltr'>p.</span> <span class='ocrx_word' id='word_1_370' title='bbox 585 4223 645 4277; x_wconf 78' lang='lat'>165.</span> 
     </span>
    </p>
   </div>
   <div class='ocr_carea' id='block_1_3' title="bbox 0 0 1422 4514">
    <p class='ocr_par' dir='ltr' id='par_1_3' title="bbox 0 0 1422 4514">
     <span class='ocr_line' id='line_1_39' title="bbox 0 0 1422 4514; baseline 0 0"><span class='ocrx_word' id='word_1_371' title='bbox 0 0 1422 4514; x_wconf 95' lang='lat' dir='ltr'> </span> 
     </span>
    </p>
   </div>
  </div>
 </body>
</html>
