2834 4514
92 387 144 434 res
156 371 358 451 incorporeas
370 368 429 433 sibi
445 367 553 450 fingat,
576 369 720 435 latiorem
732 373 900 450 notionem,
913 371 977 436 scil.
992 372 1110 454 ahquid
1122 377 1302 452 posuerunt
1316 371 1364 456 ¹⁰),

93 476 131 540 de
172 495 233 557 quo
265 482 352 541 recte
392 476 467 540 dicit
496 475 696 569 Petersenius
732 478 786 560 l¹):
833 479 964 559 „ltaque
996 477 1033 539 οὐ
1064 485 1100 540 α’
1140 479 1364 562 (quaecunque

94 601 145 646 res
166 581 224 646 'seu
248 581 379 673 aliquid)
410 581 494 644 nullo
518 583 580 646 alio
604 603 696 648 sensu
726 593 862 666 quatuor
896 586 963 649 istis
998 586 1165 664 generibus
1196 603 1362 650 commune

92 694 188 770 atque
199 687 430 769 superpositum
441 706 508 752 esse
517 685 638 771 (κοινὸν
649 689 699 752 ἐπ’
711 689 819 754 αὐτῶν
831 690 1077 775 ἐπιτιθέμενον)
1089 711 1188 773 eaque
1198 693 1232 756 in
1243 710 1279 756 se
1292 710 1362 758 con·

90 795 194 860 tinere
218 793 503 878 (περιλαμβάνειν)
527 795 588 858 dici
610 802 729 876 potest,
759 799 819 861 nisi
852 798 935 879 quod
967 802 1080 861 cuncta
1111 799 1152 863 de
1193 817 1231 863 eo
1270 818 1363 880 prac-

92 902 224 967 dicando
259 901 359 964 sunt.“
418 899 535 976 Quodsi
555 902 623 982 jam
646 921 683 966 ea
705 905 903 984 respicimus,
938 922 1018 984 quae
1040 903 1178 985 Boetius
1203 904 1301 971 affert
1322 905 1360 971 ad

92 1009 269 1076 Stoicorum
299 1007 487 1071 sententiam
509 1007 712 1074 refellendam
735 1009 826 1074 facile
849 1010 1028 1074 Aristotelis
1055 1011 1154 1090 ipsius
1182 1011 1360 1077 doctrinam

90 1118 272 1182 invenimus
340 1113 547 1194 Philosophus
575 1116 657 1180 enim
688 1117 899 1197 compluribus
928 1117 1003 1180 locis
1040 1117 1237 1182 demonstret
1254 1117 1302 1206 Ιτὸ
1325 1113 1363 1182 ὂν

91 1229 123 1290 et
146 1221 184 1286 τὸ
208 1219 243 1285 ’ὲν
275 1239 373 1302 genus
407 1239 470 1284 non
504 1239 585 1301 esse,
619 1224 793 1304 exquibus
822 1242 917 1286 unum
952 1223 1002 1287 hic
1032 1223 1145 1288 afferre
1178 1225 1256 1288 satis
1294 1225 1361 1290 erit

91 1329 229 1411 Metapln
266 1328 302 1407 B,
333 1333 362 1407 3,
394 1333 456 1392 998
488 1327 598 1392 Ι)’22;
634 1327 693 1410 οὐχ
717 1321 789 1392 οἷόν
819 1354 854 1391 οε
886 1329 922 1391 δὲ
952 1333 1017 1391 τῶν
1041 1327 1141 1393 ὄντων
1164 1325 1239 1393 οὔτε
1262 1329 1304 1393 τὸ
1327 1328 1363 1393 ’ἓν

95 1435 171 1524 οὔτε
197 1433 235 1498 τὸ
263 1430 302 1498 ὃν
328 1425 413 1497 εἶναι
434 1434 534 1516 piros}
549 1433 673 1520 α”νάγκη
688 1434 749 1516 μὲν
763 1434 823 1517 γαρ
840 1434 1076 1518 τοὶςδιαογορὰς
1092 1435 1234 1498 ἑκάστου
1248 1436 1363 1516 γένους
1391 1488 1394 1495 .

90 1545 145 1607 καὶ
175 1533 258 1604 εἶναι
286 1541 342 1603 καὶ
363 1532 551 1620 provebat
581 1539 723 1626 ἑκάστην
747 1563 753 1576 ·
779 1540 946 1604 ἀδύνατον
985 1539 1021 1603 δὲ
1052 1545 1315 1626 κατηγορεῖσθαι
1342 1538 1362 1627 ἢ
1401 1566 1405 1573 ·

92 1647 134 1711 τὰ
168 1648 238 1732 εἴδη
270 1649 329 1708 τοῦ
357 1645 467 1726 γένους
505 1643 574 1708 snt>
592 1649 657 1709 τῶν
688 1644 812 1709 οἰκείων
835 1649 1004 1729 διαφορῶν
1028 1668 1034 1680 ·
1059 1641 1078 1730 ἢ
1101 1645 1139 1708 τὸ
1163 1646 1257 1728 γένος
1282 1643 1362 1712 ἄνευ

92 1757 157 1816 τᾶν
184 1742 288 1815 αὐτοῦ
310 1741 415 1813 clodo·
439 1743 629 1833 ὥστἐἴπερ
652 1750 690 1814 τὸ
713 1749 748 1814 ἓν
768 1751 858 1832 γένος
880 1747 905 1835 ἢ
924 1750 962 1813 τὸ
984 1747 1022 1815 do
1046 1752 1183 1834 οὐδεμία
1209 1751 1362 1838 διαφορὰ

92 1855 166 1922 οὔτε
190 1854 229 1920 do
253 1851 329 1920 οὔτε
350 1854 385 1919 ἓν
409 1853 512 1918 ἔσται.
539 1853 579 1940 ¹²)

93 1964 185 2042 Quod
225 1968 331 2027 autem
375 1962 488 2026 attinet
533 1963 574 2026 ad
608 1961 688 2026 hanc
726 1962 906 2055 Aristotelis
939 1964 1243 2046 argumentationem
1301 1983 1366 2030 non
1393 2032 1396 2039 ,

90 2072 201 2153 negari
224 2074 339 2151 potest,
363 2088 400 2132 ea
422 2087 490 2133 rem
500 2087 562 2133 non
586 2070 885 2148 accuretetractan,
908 2089 981 2133 nam
1004 2089 1080 2135 vera
1103 2088 1205 2149 causa,
1230 2089 1290 2135 cur
1306 2091 1363 2137 ens

91 2182 230 2258 etunum
253 2195 352 2258 genus
369 2194 441 2255 esse
460 2195 521 2243 non
544 2177 674 2258 possint,
698 2182 754 2256 cst,
778 2177 862 2256 quod
877 2177 1001 2241 omnino
1025 2177 1188 2241 duaeillae
1212 2179 1363 2244 notiones

92 2283 170 2348 nihil
201 2267 376 2361 nominent,
408 2282 440 2346 id
473 2283 556 2363 quod
590 2282 766 2364 Schuppius
798 2288 829 2363 et
861 2281 1091 2347 Kirchmannus
1117 2281 1156 2366 13)
1179 2286 1361 2370 rectissime

89 2391 167 2455 mihi
189 2408 317 2454 monere
340 2389 494 2468 videntur,
519 2406 652 2470 quorum
669 2390 784 2470 prioris
807 2389 913 2468 verba,
938 2407 1006 2453 cum
1029 2388 1112 2454 infra
1134 2392 1229 2455 etiam
1255 2393 1298 2456 ad
1322 2413 1363 2459 ea

89 2497 319 2578 respiciendum
330 2497 399 2575 erit,
423 2495 603 2560 adscribere
625 2497 752 2584 placet:v
769 2495 938 2577 „Offenbar
960 2496 1002 2559 ist
1025 2496 1091 2561 dies
1123 2491 1161 2560 ὅν
1184 2498 1257 2563 dem
1269 2499 1362 2566 Aris·

88 2605 202 2670 toteles
225 2623 264 2667 zu
287 2603 467 2685 allgemein'
484 2622 524 2666 zu
547 2603 626 2682 weit,
651 2602 720 2666 dh.
745 2621 777 2668 es
801 2603 865 2668 hat.
879 2623 918 2667 zu
941 2603 1049 2684 wenig,
1072 2603 1224 2686 richtiger
1242 2613 1361 2690 gesagt
1397 2681 1400 2689 ¹

90 2731 149 2795 gar
170 2712 283 2777 keinen
306 2709 427 2788 lubuit,
460 2728 493 2774 es
516 2711 558 2774 ist
589 2709 700 2774 nichts.
746 2710 821 2773 Dies
846 2705 892 2790 ὅν,
925 2710 981 2773 das
1012 2729 1085 2774 man
1117 2711 1267 2776 versucht
1291 2715 1361 2780 sein

91 2820 210 2884 kbnnte
239 2819 285 2883 als
316 2809 375 2882 das¹
396 2816 620 2898 Allgemeinste
649 2816 730 2881 noch
764 2816 843 2881 iiber
876 2817 925 2881 die
947 2816 1141 2898 Kategorien
1164 2837 1203 2881 zu
1235 2820 1361 2903 stellen‚

90 2927 132 2992 ist
154 2926 235 3016 total
257 2923 461 2990 verschicden
484 2943 545 2988 von
568 2924 648 3003 dem,
672 2943 735 2988 was
758 2924 804 2988 als
827 2923 1054 3006 Eingetheiltes
1077 2924 1138 2988 den
1160 2925 1361 3009 Ketegorien

90 3031 272 3098 zuGrunde
294 3032 380 3112 liegt,
403 3049 464 3095 von
488 3031 559 3096 dem
582 3033 629 3095 sic·
644 3036 813 3114 ausgesagt
837 3032 969 3096 werden.
1013 3030 1108 3095 denes
1120 3033 1161 3096 ist
1184 3033 1361 3101 ausdrilck·

89 3139 152 3205 lich
176 3140 266 3221 jedes
288 3138 428 3203 Inhaltes
452 3139 601 3216 entleem,
631 3138 732 3202 dieses
756 3137 877 3202 enth'a'lt
899 3124 1001 3218 hlles,
1031 3158 1092 3204 nur
1114 3139 1361 3223 ungeschieden,

90 3246 152 3311 elle
179 3243 453 3310 Bestimmtheiten
476 3232 530 3308 des
554 3243 738 3324 Concretem
763 3263 795 3308 es
818 3244 860 3308 ist
892 3246 941 3310 die
964 3245 1212 3312 einzutheilende
1240 3247 1376 3315 wer..

90 3352 149 3419 Oui
173 3353 292 3434 judicio
323 3370 515 3433 quamquam
538 3351 570 3414 in
592 3351 773 3416 universum
796 3351 958 3416 subscribo
989 3356 1096 3417 tamen
1119 3353 1195 3418 mihi
1217 3372 1283 3420 non
1305 3375 1361 3422 ne·

200 3511 229 3574 ¹⁰)
248 3510 282 3564 cf.
301 3509 404 3564 Zeller:
423 3508 476 3562 Die
494 3508 671 3575 Philosophie
689 3508 736 3561 der
755 3507 888 3562 Griechen
907 3510 956 3577 Ill,
977 3513 990 3561 l
1010 3527 1036 3577 p.
1057 3513 1100 3564 83.

196 3600 226 3656 *¹1
246 3599 404 3664 Stoicorum,
425 3597 548 3664 inprimis
559 3597 705 3666 Chrysippi
725 3597 758 3649 de
775 3597 917 3663 categoriis
937 3613 983 3651 seu
1003 3599 1113 3652 summis
1132 3599 1277 3665 generibus
1309 3602 1358 3656 do·

89 3689 183 3744 ctrina
223 3688 293 3741 Dies.
315 3702 395 3754 quam
414 3701 468 3742 scr.
487 3685 549 3740 Chr.
569 3686 705 3738 Peterson.
742 3686 878 3752 Hamburg
899 3688 966 3740 1827
984 3703 1012 3753 p.
1033 3690 1076 3741 39.

198 3776 227 3844 ι’γ
247 3776 280 3831 cf.
300 3776 417 3829 Bonitzii
442 3775 662 3828 commentarium
681 3779 708 3827 ot
727 3774 962 3842 Trendelenburg:
992 3775 1153 3829 Geschichte
1176 3775 1223 3828 der
1241 3775 1364 3846 Katego-

89 3865 233 3920 rienlehre.
269 3846 439 3918 Historische
466 3864 591 3930 Beitrtge
616 3879 665 3916 zur
688 3862 793 3915 'Philos
820 3863 872 3915 rol.
901 3864 963 3931 I'p.
982 3865 1016 3916 67
1042 3864 1089 3918 nbi
1116 3863 1217 3934 plures,
1237 3867 1285 3933 qui
1305 3867 1363 3926 huo

89 3959 224 4025 spectent,
243 3954 315 4007 locos
333 3957 472 4020 congestos
490 3951 618 4020 reperies.

196 4041 229 4109 ¹⁸)
249 4041 282 4096 ci.
308 4041 486 4096 Kirchmanni
511 4040 709 4094 adnotationem
729 4043 780 4093 202
800 4039 833 4093 ad
854 4041 938 4093 Arist.
975 4041 1096 4110 Metaph.
1115 4043 1149 4095 ab
1168 4058 1198 4095 eo
1217 4047 1317 4104 transl.
1339 4057 1366 4104 et

74 4127 112 4173 W
132 4127 286 4194 Schuppe:
309 4130 367 4183 Die
382 4129 614 4187 Aristotelischen
638 4129 804 4198 Kategorien
829 4129 870 4181 in:
898 4129 1056 4196 Programm
1083 4130 1128 4184 des
1157 4130 1219 4197 Kgl.
1246 4131 1364 4192 Kathol

39 4203 251 4290 ‘Gymnasium
266 4231 305 4267 κα
317 4217 455 4274 Gleiur'tz.
476 4223 550 4278 1866
569 4239 598 4292 p.
620 4225 678 4279 23.-
700 4237 771 4290 quae
778 4219 929 4289 disputatio
948 4218 1032 4271 etiem
1046 4217 1374 4286 prodiitherolmxnsux,
