2834 4514
567 1539 601 1589 Τὸ
620 1539 642 1589 ἀ’
659 1541 721 1590 e'ocw
739 1544 826 1593 εἰδέναι
844 1539 915 1594 tatto
935 1544 983 1594 ἐσιι
1000 1547 1041 1594 καὶ
1060 1543 1101 1594 διὰ
1118 1544 1141 1594 ct
1158 1546 1226 1597 ἐστιν.

185 1757 412 1859 Terminorum
434 1795 661 1872 technicorum,
686 1796 739 1876 qni
761 1800 929 1874 vocantur,
957 1796 1102 1859 notitiam
1133 1797 1275 1877 inprimis
1298 1797 1330 1860 in

54 1911 161 1976 uariis
184 1909 399 1992 philosophiae
423 1910 594 1991 disciplinis
617 1910 745 1973 maximi
767 1910 918 1973 momenti
942 1928 1009 1974 esse
1042 1929 1143 1992 neque
1168 1929 1220 1974 eos
1243 1911 1330 1992 peni-

60 2021 116 2083 tus
140 2018 285 2100 cognosci
314 2017 373 2080 nisi
403 2017 523 2098 origine
545 2017 734 2097 investigata
759 2017 889 2097 quisque
918 2013 1076 2080 concedet.
1121 2017 1329 2081 Nihilominus

62 2130 169 2190 autem
192 2124 282 2188 multi
305 2124 371 2205 ejus
393 2124 516 2204 generis
539 2123 666 2187 termini
689 2127 821 2202 exstant,
845 2140 923 2204 quos
946 2124 1083 2188 nondum
1107 2128 1254 2188 accurate
1278 2143 1329 2187 ex-

63 2232 197 2314 plicatos
231 2248 299 2294 esse
334 2228 542 2294 confitendum
573 2234 629 2294 est.
681 2228 820 2305 Quorum
852 2249 983 2294 numero
1025 2231 1120 2294 etiam
1152 2231 1329 2295 Kantianus

63 2338 217 2404 terminus
244 2337 505 2417 „transcendens“
532 2337 717 2400 continetur.
764 2335 832 2412 Quo
856 2337 990 2400 termino
1010 2337 1084 2416 quid
1107 2337 1238 2401 illustris
1261 2329 1329 2417 phi·

62 2444 212 2526 losophus
236 2443 397 2526 significet,
423 2463 613 2524 quamquam
635 2447 683 2507 est
706 2441 995 2527 πολυθρύλλητον,
1019 2448 1125 2507 tamen
1150 2444 1216 2524 ejus
1239 2445 1329 2525 origo

63 2551 168 2618 adhuc
192 2551 326 2615 obscura
349 2555 405 2614 est.
450 2550 512 2614 Pro
536 2549 590 2614 illa
613 2555 727 2628 autem,
752 2568 813 2629 qua
835 2548 994 2612 Kantiana
1017 2549 1215 2630 philosophia
1237 2549 1330 2615 floret

62 2659 263 2736 auctoritate,
288 2658 562 2738 operaepretium
586 2674 654 2720 esse
674 2655 840 2720 videbatur
859 2673 1019 2736 quaerere,
1045 2657 1200 2737 quomodo
1212 2656 1329 2721 factum

61 2767 105 2830 sit
128 2770 163 2828 ut
186 2765 236 2828 ille
254 2765 406 2828 terminus
430 2763 622 2846 significaret
648 2763 745 2845 „libor
768 2762 1011 2844 dieErfahrung
1034 2762 1331 2849 hinausgehend“¹).

63 2871 167 2949 Quam
208 2871 424 2951 quaestionem
465 2871 510 2934 ita
540 2871 657 2952 optime
689 2870 809 2933 institui
850 2871 1016 2951 putabam,
1047 2877 1083 2934 ut
1114 2889 1152 2936 ex
1184 2889 1220 2935 eo
1252 2872 1329 2949 loco,

63 2997 125 3060 quo
156 2979 293 3058 primum
316 2976 502 3040 vocabulum
525 2978 751 3041 transcendens
781 2982 889 3056 partes
920 2977 1016 3041 habet
1038 2978 1165 3041 termini
1187 2977 1329 3057 technici,

61 3101 226 3166 regressus
250 3083 402 3164 originem
426 3083 641 3148 demonstrare
666 3101 813 3162 conarer,
846 3084 957 3147 deinde
981 3085 1022 3147 ad
1044 3084 1131 3147 illum
1154 3084 1257 3148 locum
1280 3104 1330 3149 rev

60 3208 173 3255 versus
195 3189 328 3270 vestigia
355 3190 482 3253 termini
504 3209 602 3271 usque
627 3190 666 3254 ad
690 3189 840 3253 Kantium
863 3208 1080 3271 persequerer.

169 3295 362 3359 Vocabulum
389 3297 661 3376 „transcendens“‚
684 3297 729 3360 ita
753 3298 877 3378 quidem
901 3304 1095 3379 usurpatum,
1119 3300 1242 3363 utcert'
1266 3305 1329 3363 ter-

61 3403 140 3468 mini
171 3403 273 3467 locum
296 3402 426 3481 habeat,
460 3405 561 3484 primo
591 3404 728 3467 occurrit
760 3404 791 3466 in
815 3405 980 3484 opusculo,
1015 3405 1098 3486 qnod
1134 3406 1191 3485 „de
1215 3411 1330 3470 natura

63 3510 210 3593 generis“
236 3509 418 3574 inscribitur
442 3516 473 3574 et
496 3509 573 3574 falso
598 3511 680 3573 inter
703 3528 801 3590 opera
818 3511 956 3574 Thomae
979 3511 1145 3592 Aquinatis
1167 3518 1329 3593 receptum
1383 3521 1385 3525 “

62 3621 113 3682 est
138 3613 172 3701 2).
219 3614 282 3680 Sub
306 3614 399 3680 finem
423 3635 488 3698 cap.
512 3617 528 3680 Ι
552 3617 633 3680 illius
657 3617 798 3697 opusculi
821 3621 946 3681 exstant
969 3617 1047 3682 haec
1070 3618 1183 3683 verba:
1210 3618 1330 3699 „Mani-

61 3723 177 3788 festum
202 3727 264 3801 cst,
295 3723 378 3802 quod
402 3742 456 3787 ens
480 3742 540 3786 non
565 3728 669 3804 potest
694 3723 810 3786 habere
834 3722 1026 3788 differentias
1049 3725 1130 3788 sicut
1152 3744 1251 3806 genus
1274 3726 1329 3790 ha-

64 3849 273 3856 *ψη-..-

172 3879 189 3946 ¹)
208 3878 241 3932 cf.
266 3879 375 3932 Mellin:
398 3879 657 3949 Eucyclop‘adisches
687 3879 866 3933 Whrterhuch
894 3879 941 3933 der
966 3881 1114 3935 kritischen
1142 3881 1329 3952 Philosophie,

63 3984 84 4022 s.
104 3985 128 4020 v.
148 3967 355 4022 Transcendent.

170 4073 190 4142 ²)
210 4073 299 4128 Sancti
317 4074 436 4127 Thomae
454 4075 598 4142 Aquinatis
617 4081 663 4129 etc.
683 4076 813 4142 opuscula
838 4074 928 4128 omnia
945 4081 993 4130 etc.
1012 4075 1126 4130 Parisiis
1147 4079 1215 4132 1624
1233 4077 1280 4134 fol.
1298 4095 1330 4146 p.

62 4163 123 4217 623.
160 4161 264 4216 Prantl:
283 4162 444 4218 Goschichte
462 4163 510 4218 der
528 4164 621 4234 Logik
636 4164 677 4218 im
697 4163 1159 4235 hhenhlanheaohxhhufums,
1260 4221 1299 4267 Ψ
