2834 4514
609 122 808 221 walbu„

76 351 177 398 locum
212 330 326 396 afferre
355 331 457 395 liceat.
511 331 546 395 In
575 335 839 398 commentatione
870 333 966 410 enim,
991 334 1040 396 cui
1063 333 1239 414 inscripsit:
1286 334 1356 400 The

87 439 258 504 usefulness
288 438 323 502 ol
347 437 480 502 Natural
513 438 703 522 Philosophy
734 441 805 522 (vol.
831 439 858 503 V
889 459 918 520 p.
942 439 1021 521 451)
1045 441 1172 520 exponit
1203 459 1275 519 eos,
1302 443 1357 523 qui

75 554 253 613 atomorum
294 545 469 609 doctrinam
519 547 752 628 amplectantur
798 546 964 611 nonnullas
996 565 1048 611 res
1087 547 1246 628 explicare
1292 567 1357 612 non

79 673 172 737 posse
199 653 268 735 „for
287 671 373 716 some
398 651 540 716 laculties
571 654 632 717 and
655 654 836 734 operations
871 652 905 716 cf
924 652 977 716 the
1001 653 1187 718 reasonable
1222 655 1293 719 soul
1326 657 1357 718 in

38 783 41 790 ·
76 779 227 826 manare
252 759 286 824 of
307 777 342 823 so
365 758 507 839 peculiar
538 760 600 823 and
633 759 859 824 transcendant
883 779 902 822 a
929 759 1023 838 kind,
1053 759 1124 824 that
1147 761 1162 823 Ι
1194 760 1275 825 have
1298 767 1357 825 not

76 874 132 950 yet
155 868 251 933 lound
275 865 360 929 them
391 865 501 948 solidly
526 867 700 947 explicated
725 867 766 948 by
795 866 961 947 corporeal
984 866 1171 948 principleS‚
1199 885 1235 930 so
1264 868 1355 932 Iex-

75 980 148 1057 pect
176 980 232 1038 not
254 979 288 1038 to
318 991 370 1037 see
393 972 478 1037 them
503 974 533 1035 in
558 973 648 1038 haste
671 973 764 1037 made
787 978 843 1036 out
866 972 907 1054 by
931 972 1039 1037 such“.
1075 972 1144 1037 Hoc
1168 973 1237 1037 loco
1261 991 1354 1039 voca-

76 1081 182 1147 bulum
210 1080 474 1161 „transcendant“
501 1079 679 1161 significare
706 1080 912 1162 „obscuruur‘
940 1085 1036 1160 patet.
1062 1076 1103 1163 37)

183 1205 334 1270 Similiter
367 1210 462 1286 atque
496 1205 580 1269 iuter
623 1205 793 1268 Britannos
827 1204 956 1286 Boylius
992 1205 1075 1268 inter
1107 1203 1285 1269 Germanos
1318 1223 1353 1269 eo
1396 1216 1398 1227 '

76 1312 212 1378 termino
247 1312 348 1376 utitur
370 1310 549 1375 Leibnizius
594 1307 644 1390 ³⁸),
669 1311 723 1391 qui
747 1310 822 1374 dicit
846 1311 1036 1391 scriptorum
1072 1311 1219 1376 matham.
1256 1311 1353 1376 voll

75 1439 104 1501 p.
128 1425 206 1485 228:
233 1418 421 1499 „Caeterum
432 1417 536 1500 placet
560 1415 719 1495 hocloco,
744 1423 779 1482 ut
792 1417 893 1499 magis
916 1416 1086 1498 profutura
1109 1418 1213 1482 dicam
1233 1418 1352 1483 fontem

75 1527 200 1607 aperire
235 1523 535 1589 Transcendentium
571 1521 790 1598 Quantitatum
839 1521 889 1602 ⁸⁹),
927 1543 983 1588 cur
1015 1525 1162 1588 nimirum
1196 1525 1352 1606 quaedam

75 1633 274 1715 problemata
307 1650 408 1712 neque
441 1632 504 1695 sint
537 1631 652 1712 plana,
686 1650 788 1712 ncque
811 1633 932 1713 solida,
964 1652 1066 1714 neque
1089 1634 1264 1712 sursolida,
1298 1641 1352 1697 aut

75 1740 167 1804 ullius
191 1740 269 1804 certi
293 1738 427 1820 gradus
457 1737 512 1801 sed
536 1755 660 1801 omnem
693 1739 913 1819 aequationem
937 1739 1160 1822 Algebraicam
1189 1746 1352 1805 transcen·

76 1847 182 1911 dant“.
228 1845 333 1910 Facile
365 1845 556 1926 perspicitur
583 1843 664 1908 hanc
694 1846 838 1909 vocabuli
870 1865 961 1910 usum
985 1846 1070 1911 haud
1099 1847 1145 1910 ita
1168 1847 1304 1911 multum
1334 1868 1352 1912 a

75 1952 234 2017 Kantiano
262 1951 443 2016 abhorrere.
501 1949 637 2031 Propius
670 1951 711 2014 ad
741 1952 932 2017 Kantiauam
963 1954 1120 2018 rationem
1153 1955 1276 2018 accedit
1307 1973 1352 2033 aa

77 2078 139 2141 qua
172 2058 361 2122 Lambertus
398 2054 440 2137 40)
473 2057 658 2122 vocabulum
697 2061 961 2138 „transcendeus“
998 2067 1133 2142 usurpat
1167 2065 1263 2141 atque
1293 2060 1352 2125 hoc

75 2166 144 2230 loco
178 2166 209 2229 in
244 2164 428 2228 memoriam
460 2164 637 2227 revocanda
673 2171 745 2227 sunt
780 2184 832 2244 ea,
870 2185 950 2246 quac
984 2184 1013 2246 p.
1050 2171 1089 2230 25
1125 2167 1165 2231 de
1199 2167 1353 2250 singulari

76 2271 218 2337 vocabuli
258 2289 337 2350 usu,
372 2289 464 2351 quem
500 2270 673 2334 invenimus
714 2271 799 2350 apud
834 2271 993 2336 Altedium
1036 2277 1068 2336 et
1102 2273 1355 2352 Litomislenum,

77 2379 219 2444 diximus.
273 2378 377 2459 Ipsius
409 2377 571 2441 Lamberti
604 2375 701 2439 verba
734 2376 895 2443 afferenda
927 2383 1008 2442 sunt.
1063 2379 1237 2461 Postquam
1272 2380 1292 2444 l.
1329 2398 1354 2444 c.

77 2487 221 2568 exposuit
248 2504 305 2549 nos
332 2502 384 2548 ras
412 2502 582 2566 corporeas
606 2501 677 2545 cum
713 2484 791 2549 ideis
824 2487 1007 2567 saepissime
1040 2505 1226 2568 comparare
1249 2492 1356 2552 utras-

78 2612 139 2675 que
173 2610 235 2656 uno
270 2593 444 2673 eodemque
476 2592 601 2662 nomine
625 2593 796 2675 appellare,
830 2594 936 2676 pergit
967 2593 1026 2657 hoc
1049 2594 1161 2672 modo;
1198 2593 1267 2674 „Da
1290 2613 1355 2659 nun

76 2698 249 2764 hierdurch
283 2699 332 2764 dic
364 2699 497 2763 meisten
532 2698 662 2764 Wlirter
698 2701 755 2764 der
791 2699 930 2781 Sprache
964 2700 1033 2764 eine
1067 2700 1257 2781 gedoppelte
1289 2701 1356 2765 und

77 2806 226 2872 zuveilen
261 2804 414 2870 vielfache
436 2805 625 2887 Bedeutung
656 2805 800 2870 erhalten
831 2807 896 2870 und
928 2808 959 2870 in
991 2806 1098 2871 diesen
1125 2806 1357 2890 Bedeutungen

187 3070 220 3139 Μ)
239 3071 272 3124 cf.
292 3085 353 3139 pag.
374 3072 416 3138 28,
436 3071 469 3122 33
489 3075 516 3122 et
534 3085 596 3137 pag.
615 3073 658 3139 23,
677 3074 719 3126 27.

185 3177 215 3247 ³⁸)
245 3176 415 3230 Leibnizen’s
433 3175 589 3232 mathemat.
609 3175 762 3242 Schriften,
791 3177 1009 3244 herausoegeben
1028 3191 1081 3230 von
1105 3175 1136 3232 0.
1163 3175 1189 3228 J.
1211 3174 1359 3232 lierhardt.

80 3268 178 3323 Zveite
206 3265 390 3332 Abtheiluug:
418 3264 461 3319 dia
495 3265 652 3320 mathemat.
685 3265 904 3335 Abhandlungen
931 3266 1092 3320 Leibnizens
1128 3264 1293 3320 anthaltend.
1322 3267 1360 3324 cf.

80 3363 188 3428 praeter
207 3374 233 3425 p.
254 3357 307 3411 228
325 3355 406 3408 etiam
425 3371 453 3422 p.
472 3357 531 3407 230.

185 3444 269 3511 Quem
287 3442 410 3496 Leibnizi
439 3459 517 3496 usum
544 3444 655 3512 respicit
673 3442 827 3512 HerderuS,
857 3445 904 3512 qui
923 3443 988 3498 dicit
1006 3445 1033 3497 in
1053 3459 1084 3496 eo
1103 3444 1189 3510 libro,
1217 3459 1298 3511 quem
1318 3445 1360 3499 in.

78 3533 188 3602 scripsit
207 3532 413 3599 „Metakritik“:
433 3533 668 3586 Transcendental.
705 3536 763 3586 Aus
782 3534 828 3587 der
856 3534 1067 3588 scholastischen
1087 3531 1264 3600 Philosophia
1282 3532 1363 3590 hatte

78 3622 121 3676 die
146 3621 327 3677 Mathematik
356 3621 403 3673 das
423 3621 503 3673 Wort
530 3637 705 3689 genommen.
732 3639 777 3675 um
803 3622 888 3675 demit
913 3622 1099 3689 Gleichungeu
1125 3639 1159 3675 zu
1184 3621 1361 3695 bezeichnen,

78 3711 121 3765 die
139 3710 827 3778 aufkeinegevbhnlichealgebraiseheGlcichuug
848 3708 1294 3778 zuriiclrgeluhrtverdenhbnnen
1310 3718 1362 3768 etc.

186 3816 220 3884 89)
240 3815 398 3884 logarithmi
417 3822 443 3869 et
461 3817 611 3870 functiones
630 3817 871 3884 trigonometricae.

184 3923 255 3990 ⁴⁰)J
283 3923 317 3976 H.
336 3921 481 3976 Lambert:
509 3922 599 3976 Neues
619 3922 746 3990 Organon
773 3923 837 3976 oder
858 3923 1004 3977 Godanken
1023 3925 1089 3977 tiber
1108 3923 1150 3976 die
1168 3923 1362 3996 Erforschung

77 4014 133 4068 und
159 4013 349 4078 Bezeichnung
377 4011 422 4064 des
449 4011 571 4064 Wahren
597 4012 653 4065 und
686 4012 779 4066 dassen
807 4012 1039 4080 Unterscheidung
1065 4028 1126 4065 vom
1153 4012 1275 4066 Irrthum
1304 4015 1362 4069 und

67 4101 180 4152 Scirem.
216 4099 358 4164 2Bdnde,
378 4099 493 4168 Leipzig
515 4103 591 4154 1764.
611 4101 688 4153 Band
707 4101 729 4170 Ι,
751 4106 772 4155 l.
792 4100 975 4170 Hauptsttlck,
994 4115 1047 4153 von
1067 4100 1116 4154 den
1136 4100 1275 4155 einfachen
1305 4105 1362 4159 und

41 4180 97 4228 mr
110 4183 174 4233 sicli
194 4186 362 4240 dealbarer
378 4189 534 4256 Begtlffen.
553 4207 582 4260 p.
602 4193 665 4247 482.
